3059 4850
1152 255 1488 324 Einleitung.
2353 247 2429 303 13
2441 247 2469 303 1

340 414 544 471 Darauf
561 415 748 471 wurde
772 413 1106 483 ausgeffihrt‚
1145 414 1267 470 dass
1308 415 1428 470 dem
1456 414 1666 469 Gon-ede
1692 415 1790 470 der
1816 414 2116 471 Menschen
2153 431 2275 470 zum
2301 415 2473 471 Τῖσις-ς

203 503 271 560 die
301 504 457 560 Troer
492 521 596 559 nur
633 506 723 559 ein
760 503 884 558 Bild
920 503 1162 558 Helenae
1203 503 1304 557 mit
1342 503 1457 558 sich
1496 504 1724 573 geffihrt
1761 502 1957 560 haben.

395 597 441 647 2.
478 588 673 656 ἀέλιος
711 585 761 646 δ’
790 583 1183 660 Ὑπεριονίδας
1220 590 1399 655 δέπας
1437 588 1862 663 ἐσκατέβαινεν

468 676 744 752 χρύσεον,
782 672 937 750 ὄφρα
976 673 1046 733 δι’
1080 673 1385 734 Ὠκεανοῖο
1421 674 1685 751 περάσας

475 763 742 838 ἀφίκοιθ’
783 767 944 840 ἱερᾶς
981 768 1116 821 ποτὶ
1153 766 1383 837 βένθεα
1421 764 1630 831 νυκτὸς
1667 765 1916 838 ἐρεμνᾶς

474 860 607 913 ποτὶ
644 856 868 927 ματέρα
906 857 1211 926 κουριδίαν
1246 851 1294 910 τ’
1334 848 1548 926 ἄλοχον
1583 850 1795 919 παῖδάς
1831 874 1896 912 τε
1934 857 2161 925 φίλους·

477 940 508 1001 ὁ
546 941 596 1002 δ’
632 945 693 1010 ές
727 938 905 1008 ἄλσος
943 938 1054 1014 ἔβα

478 1030 751 1104 δάφναισι
792 1027 1117 1088 κατάσκιον
1153 1034 1332 1087 ποσσὶ
1368 1027 1506 1096 πάϊς
1542 1027 1694 1096 Διός.

1119 1194 1265 1247 VII.
1302 1194 1519 1247 Solon.

307 1306 347 1356 1.
382 1302 489 1356 Aus
527 1302 628 1356 den
665 1294 967 1372 ὑποθῆκαι
1008 1299 1092 1364 εἰς
1131 1293 1354 1356 ἑαυτόν.

379 1384 643 1461 χρήματα
683 1384 733 1443 δ’
774 1386 982 1459 ἱμείρω
1019 1388 1131 1458 μὲν
1169 1382 1341 1458 ἔχειν,
1380 1381 1600 1450 ἀδίκως
1636 1385 1700 1441 δὲ
1735 1389 2039 1442 πεπᾶσθαι

478 1473 587 1534 ούκ
625 1475 847 1533 ἐθέλω·
885 1471 1118 1540 πάντως
1153 1465 1404 1545 ὕστερον
1440 1465 1590 1544 ἦλθε
1629 1475 1760 1544 δίκη
1801 1515 1812 1528 .
1853 1513 1866 1528 .
1907 1515 1920 1529 .

380 1562 613 1638 τοιαύτη
651 1562 833 1637 Ζηνὸς
870 1565 1108 1622 πέλεται
1146 1565 1314 1632 τίσις,
1354 1558 1477 1619 οὐδ’
1515 1557 1606 1631 ἐφ’
1647 1556 1899 1636 ἑκάστῳ,

484 1647 685 1724 ὥσπερ
723 1650 939 1725 θνητὸς
973 1648 1142 1724 ἀνήρ,
1182 1654 1445 1723 γίγνεται
1484 1645 1761 1720 ὀξύχολος
1799 1693 1813 1707 .
1849 1692 1863 1705 .

384 1739 501 1800 ἀλλ’
539 1737 571 1799 ὃ
608 1743 719 1813 μὲν
754 1737 942 1800 αὐτίκ’
982 1737 1194 1811 ἔτισεν,
1234 1733 1267 1796 ὃ
1306 1736 1353 1795 δ’
1392 1731 1670 1812 ὕστερον·
1709 1738 1767 1795 εἰ
1800 1738 1863 1794 δὲ
1900 1734 2169 1809 φύγωσιν

484 1827 671 1902 αύτοί,
709 1830 857 1902 μηδὲ
896 1834 1063 1886 θεῶν
1095 1824 1252 1899 μοῖρ’
1292 1826 1542 1885 ἐπιοῦσα
1580 1830 1734 1897 κίχῃ,

388 1914 565 1991 ἤλυθε
603 1914 837 1983 πάντως
874 1909 1060 1983 αὖτις·
1100 1912 1351 1972 ἀναίτιοι
1392 1911 1536 1986 ἔργα
1573 1917 1832 1972 τίνουσιν

482 2004 515 2079 ἢ
552 2012 759 2071 παῖδες
794 2003 1022 2063 τούτων
1060 2001 1094 2075 ἢ
1133 2005 1303 2077 γένος
1340 2002 1595 2071 ἐξοπίσω
1624 2047 1638 2059 .
1678 2046 1690 2059 .
1729 2046 1743 2059 .

384 2092 620 2154 σπεύδει
659 2091 709 2150 δ’
747 2089 1007 2151 ἄλλοθεν
1042 2086 1242 2158 ἄλλος·
1281 2087 1313 2149 ό
1350 2093 1462 2162 μὲν
1498 2088 1648 2147 κατὰ
1685 2087 1902 2147 πόντον
1937 2087 2145 2147 ἀλᾶται

484 2184 547 2241 ἐν
584 2186 790 2255 νηυσὶν
821 2178 1055 2254 χρῄζων
1093 2178 1296 2239 οἴκαδε
1336 2181 1544 2251 κέρδος
1581 2173 1752 2251 ἄγειν

383 2268 687 2345 ἰχθυόεντ’,
727 2266 995 2341 ἀνέμοισι
1035 2266 1402 2342 φορεύμενος
1438 2265 1834 2341 ἀργαλέοισιν,

481 2357 774 2432 φειδωλὴν
811 2364 998 2432 ψυχῆς
1036 2354 1317 2428 οὐδεμίαν
1354 2358 1632 2427 θέμενος·

384 2444 550 2515 ἄλλος
587 2455 697 2521 γῆν
732 2449 960 2518 τέμνων
995 2447 1420 2520 πολυδένδρεον
1458 2447 1543 2511 εἰς
1578 2441 1848 2503 ἐνιαυτόν

482 2534 773 2609 λατρεύει,
810 2546 1000 2593 τοῖσιν
1037 2531 1288 2605 καμπύλ’
1328 2529 1550 2607 ἄροτρα
1587 2534 1782 2604 μέλει·

392 2620 557 2692 ἄλλος
585 2623 886 2698 Ἀθηναίης
921 2645 986 2681 τε
1026 2628 1127 2681 καὶ
1158 2618 1476 2693 Ἡφαίστου
1512 2622 1881 2694 πολυτέχνεω

488 2712 629 2788 ἔργα
669 2717 829 2778 δαεὶς
862 2723 1087 2786 χειροῖν
1124 2712 1460 2784 ξυλλέγεται
1496 2714 1730 2782 βίοτον·

389 2797 553 2869 ἄλλος
588 2799 987 2872 Ὀλυμπιάδων
1024 2801 1318 2858 Μουσέων
1351 2796 1510 2872 πάρα
1550 2804 1711 2871 δῶρα
1750 2795 2065 2870 διδάχθεις,

486 2891 726 2963 ἱμερτῆς
763 2892 974 2962 σοφίης
1008 2890 1227 2961 μέτρον
1263 2884 1654 2958 ἐπιστάμενος
1693 2932 1704 2943 .
1745 2933 1756 2943 .
1795 2931 1809 2944 .

386 2976 631 3037 πλούτου
670 2976 717 3034 δ’
756 2974 929 3036 οὐδὲν
963 2979 1145 3050 τέρμα
1182 2977 1569 3047 πεφασμένον
1604 2971 1848 3048 ἀνδράσι
1887 2984 2102 3033 κεῖται·

486 3066 542 3124 οἱ
579 3064 692 3139 γὰρ
732 3072 836 3124 νῦν
874 3059 1075 3137 ἡμέων
1110 3072 1392 3122 πλεῖστον
1430 3061 1628 3136 έχουσι
1664 3067 1821 3137 βίον,

389 3158 696 3220 διπλασίως
733 3150 1078 3212 σπεύδουσι·
1116 3157 1202 3219 τίς
1240 3149 1313 3209 ἂν
1350 3153 1662 3227 κορέσειεν
1698 3143 1987 3218 ἀπαντας,·

310 3248 355 3298 2.
388 3248 585 3301 πολλοὶ
623 3241 737 3317 γὰρ
774 3248 1094 3300 πλουτεῦσι
1132 3246 1328 3313 κακοί,
1368 3239 1592 3314 ἀγαθοὶ
1631 3241 1694 3297 δὲ
1729 3240 2031 3296 πένονται·

485 3328 605 3389 ἀλλ’
646 3326 817 3403 ἡμεῖς
853 3327 1053 3397 αὐτοῖς
1090 3327 1160 3389 ού
1198 3327 1646 3402 διαμειψόμεθα

387 3427 483 3491 τῆς
517 3417 730 3492 ἀρετῆς
765 3417 870 3476 τὸν
904 3425 1180 3490 πλοῦτον,
1220 3419 1351 3477 ἐπεὶ
1387 3418 1454 3475 τὸ
1490 3419 1601 3489 μὲν
1640 3414 1895 3488 ἔμπεδον
1930 3417 2070 3486 αἰεί,

481 3505 749 3581 χρήματα
786 3505 836 3564 δ’
872 3504 1209 3581 ἀνθρώπων
1244 3502 1454 3565 ἄλλοτε
1492 3501 1666 3572 ἄλλος
1704 3502 1841 3578 ἔχει.

1047 3653 1229 3706 V111.
1267 3652 1610 3716 Theognis,

393 3761 482 3813 σοὶ
516 3757 626 3826 μὲν
665 3753 784 3827 ἐγώ
823 3751 986 3828 πτέρ’
1027 3752 1240 3827 ἔδωκα,
1279 3752 1387 3813 σὺν
1424 3750 1511 3821 οἷς
1550 3751 1637 3812 ἐπ’
1675 3751 1962 3827 ἀπείρονα
1998 3747 2216 3809 πόντον

486 3841 731 3916 πωτήσῃ
771 3847 874 3901 καὶ
913 3850 1022 3916 γῆν
1057 3850 1253 3901 πᾶσαν
1289 3840 1642 3916 ἀειράμενος

392 3933 645 4005 ῥηιδίως·
691 3936 898 4004 θοίνης
935 3934 999 3990 δὲ
1036 3935 1137 3989 καὶ
1177 3933 1504 4002 εἰλαπίνῃσι
1542 3931 1809 4002 παρέσσῃ

491 4022 554 4079 ἐν
588 4018 825 4088 πάσαις,
866 4027 1102 4078 πολλῶν
1137 4023 1410 4104 κείμενος
1448 4019 1512 4077 ἐν
1549 4016 1860 4089 στόμασιν·

395 4114 491 4167 καί
525 4131 595 4168 σε
635 4107 744 4168 σὺν
780 4105 886 4166 αύλ
895 4112 1113 4166 ίσκοισι
1152 4098 1582 4181 λιγυφθόγγοις
1618 4108 1740 4164 νέοι
1780 4102 1987 4179 α’νδρες

492 4198 555 4256 ἐν
590 4195 815 4269 κώμοις
852 4197 1082 4270 ἐρατοῖς
1118 4193 1267 4254 καλά
1304 4217 1370 4254 τε
1408 4200 1509 4253 καὶ
1546 4197 1712 4269 λιγέα

395 4280 660 4362 ᾆσονται·
702 4291 803 4343 καὶ
839 4278 982 4343 όταν
1021 4292 1309 4358 δνοφερῆς
1343 4280 1457 4343 ὑπὸ
1496 4281 1748 4343 κεύθεσι
1786 4288 1955 4357 γαίης

492 4383 602 4448 βῆς
639 4372 1094 4441 πολυκωκύτους
1132 4376 1216 4440 εἰς
1245 4370 1427 4431 Ἀΐδαο
1467 4373 1703 4444 δόμους,
