3059 4850
666 259 788 304 nostrl
803 259 975 304 OAlllleUM

504 426 595 488 quem
618 407 645 467 si
667 407 838 488 puellarum
861 405 1015 468 insereres
1039 408 1139 481 choro,

477 520 479 525 ⁴
503 496 580 556 mire
604 505 726 575 sagacis
749 496 870 555 falleret
893 495 1028 576 hospites

549 584 712 645 discrimen
734 585 897 644 obscurum
920 584 1026 644 solutis

592 673 726 733 crinibus
749 672 954 751 ambiguoque
977 673 1069 734 voltu.

787 869 848 940 Vl.

481 1004 618 1087 Septimi,
642 1004 747 1067 Gades
772 1007 893 1066 aditure
916 1025 1033 1066 mecum
1057 1015 1090 1067 ct

480 1092 665 1156 Cantabrum
690 1094 844 1155 indoctum
869 1095 942 1174 iuga
964 1095 1045 1154 ferre
1068 1098 1174 1155 nostra
1195 1098 1227 1154 et

479 1183 626 1244 barbaras
650 1179 764 1263 Syrtis,
787 1183 838 1243 ubi
862 1182 973 1243 Maura
994 1202 1116 1264 semper

568 1276 689 1330 aestuat
711 1271 803 1345 unda,

480 1410 576 1471 Tibur
599 1410 703 1491 Argeo
726 1411 857 1491 positum
879 1413 985 1473 colono

479 1499 521 1560 sit
542 1518 628 1560 meae
651 1500 742 1560 sedes
765 1500 881 1560 utinam
904 1505 1056 1575 senectae,

480 1588 521 1647 sit
542 1589 650 1649 modus
673 1588 754 1648 lasso
779 1589 871 1649 maris
894 1593 925 1649 et
946 1589 1064 1650 viarum

569 1676 761 1755 militiaeque.

480 1819 562 1879 unde
585 1818 610 1877 si
633 1816 752 1878 Parcae
775 1817 938 1897 prohibent
960 1817 1089 1897 iniquae,

481 1905 570 1968 dulce
593 1906 707 1987 pellitis
730 1906 840 1965 ovibus
864 1903 990 1967 Galaesi

481 1996 592 2056 flumen
615 2003 647 2054 et
668 2003 797 2074 regnata
820 2001 921 2075 petam
945 1990 1059 2055 Laconi

567 2102 641 2143 rura
664 2081 845 2143 Phalantho.

480 2223 533 2284 ille
556 2228 709 2284 terrarum
731 2224 806 2284 mihi
830 2230 954 2303 praeter
976 2232 1075 2283 omnis
1134 2204 1140 2223 ’

482 2312 613 2391 angulus
636 2313 725 2387 ridet,
749 2313 801 2372 ubi
824 2331 883 2371 non
908 2311 1058 2393 Hymetto

481 2400 572 2462 mella
595 2401 750 2462 decedunt
774 2400 924 2480 viridique
949 2403 1048 2462 certat
1156 2441 1158 2446 -

570 2492 645 2550 baca
669 2488 811 2549 Venafro.
908 2567 911 2571 ι

481 2650 538 2691 ver
560 2629 612 2690 ubi
634 2630 758 2708 longum
781 2628 964 2710 tepidasque
986 2632 1115 2711 praebet

484 2718 625 2799 Iuppiter
648 2719 779 2792 brumas,
804 2722 835 2777 ct
857 2719 972 2779 amicus
995 2719 1095 2780 Aulon

484 2807 595 2867 fertilis
619 2806 739 2866 Baccho
761 2806 919 2866 minimum
942 2805 1082 2867 Falernis
1160 2882 1162 2889 Ι

569 2895 689 2955 Invidet
710 2894 787 2954 uvis.

481 3036 532 3097 ille
555 3043 587 3097 tc
612 3055 728 3096 mecum
751 3035 837 3096 locus
861 3039 892 3097 et
914 3037 1022 3097 beatae

483 3125 639 3206 postulant
662 3142 759 3200 arces,
784 3123 825 3183 ibi
849 3129 884 3185 tn
907 3125 1058 3185 calentem

485 3213 588 3274 debita
610 3232 739 3293 sparges
763 3212 889 3273 lacrima
911 3212 1045 3272 favillam

572 3303 652 3361 vatis
676 3300 772 3361 amici.

783 3515 863 3588 Vll.

512 3652 539 3715 Ο
563 3672 655 3734 saepe
679 3672 799 3713 mecum
820 3656 942 3732 tempus
965 3651 996 3711 iu
1017 3651 1157 3713 ultimum

513 3743 645 3803 deducte
668 3741 764 3802 Bruto
787 3739 913 3800 militiae
937 3740 1024 3814 duce,

556 3829 625 3911 quis
648 3836 680 3890 tc
704 3829 866 3890 redonavit
888 3829 1038 3899 Quiritem

600 3918 647 3978 dis
670 3918 780 3998 patriis
803 3917 944 3997 Italoque
966 3917 1060 3992 caelo,

511 4058 645 4141 Pompei,
668 4078 804 4120 meorum
826 4058 924 4138 prime
946 4058 1104 4133 sodalium,

513 4168 579 4209 cum
603 4168 662 4228 quc
686 4154 852 4207 morantem
877 4166 971 4227 saepo
994 4147 1075 4207 diem
1098 4164 1181 4206 mero

556 4236 635 4315 fregi
659 4246 821 4296 coronatus
843 4235 971 4295 nitentis

600 4323 788 4384 malobathro
813 4321 903 4404 Syrio
927 4319 1074 4404 capillos?
