3059 4850
713 283 824 318 x-xm.

334 424 464 506 polypus
488 444 525 486 an
549 426 655 505 gravis
678 425 806 487 hirsutis
829 428 921 488 cubet
943 427 1046 488 hircus
1070 428 1100 488 in
1123 427 1189 503 alis,
1340 439 1356 491 5

421 533 512 594 quam
535 515 619 575 canis
642 534 722 588 acer,
745 515 797 575 ubi
820 514 915 576 lateat
937 536 999 577 sus.

333 601 385 680 qui
406 603 500 662 sudor
522 603 614 664 vietis
637 610 669 664 01
691 622 784 683 quam
806 603 905 664 malus
928 604 1063 683 undique
1087 605 1231 666 membris

422 690 534 751 crescit
556 692 640 766 odor,
663 711 732 752 cum
755 712 835 772 pene
858 692 956 752 soluto

334 778 511 839 indomitam
533 788 677 860 properat
699 780 814 842 rabiem
838 781 957 849 sedare,
981 799 1080 859 neque
1103 780 1148 840 illi

421 866 480 927 iam
503 873 607 928 manet
629 868 732 929 umida
754 875 840 929 creta
862 869 1005 949 colorque

334 960 470 1017 stercore
493 955 613 1016 fucatus
636 957 790 1033 crocodili,
814 957 934 1037 iamque
957 957 1094 1018 subando

423 1049 506 1104 tenta
529 1043 640 1105 cobibe
663 1051 807 1125 tectaque
830 1045 958 1126 rnmpit3

335 1130 387 1191 vel
407 1150 476 1191 mea
498 1151 566 1193 oum
590 1133 691 1193 saevis
714 1135 813 1212 agitat
834 1133 959 1195 fastidia
981 1133 1099 1194 verbis:

422 1219 566 1294 „Inachia
589 1222 718 1300 langues
741 1223 842 1281 minus
865 1240 901 1283 ac
923 1240 988 1300 me;

333 1305 489 1368 Inachiam
512 1318 562 1369 ter
584 1320 672 1371 nocte
695 1317 791 1391 potes,
815 1310 888 1371 mihi
911 1329 1032 1390 semper
1055 1311 1095 1370 ad
1118 1330 1209 1370 unum

423 1396 522 1456 mollis
545 1417 629 1477 opus.
654 1406 762 1478 pereat
785 1398 874 1473 male,
896 1417 975 1478 quae
1000 1404 1030 1457 te

335 1483 447 1545 Lesbia
470 1487 630 1564 quaerenti
655 1493 774 1546 taurum
797 1486 981 1547 monstravit
1004 1487 1142 1563 inertem,

423 1592 491 1632 cum
513 1574 586 1634 mihi
611 1573 691 1637 Cous
714 1576 839 1636 adesset
862 1577 1023 1655 Amyntas,

335 1659 423 1721 cuins
447 1662 477 1721 in
500 1662 646 1723 indomito
669 1664 857 1724 constantior
880 1663 1005 1742 inguine
1029 1682 1143 1724 nervus

424 1768 514 1828 quam
536 1770 616 1811 nova
639 1751 766 1812 collibus
791 1752 880 1813 arbor
903 1752 1050 1812 inhaeret.

336 1836 501 1898 muricibus
526 1838 629 1920 Tyriis
652 1840 781 1901 iteratae
806 1840 923 1901 vellera
947 1840 1034 1901 lanae

425 1927 472 1986 oui
496 1929 757 2008 proponebantur?
782 1929 838 1988 tibi
860 1948 979 2008 nempe,

336 2033 376 2073 ne
399 2013 478 2075 soret
501 2017 640 2095 aequalis
663 2017 745 2078 inter
768 2016 907 2091 conviva,
931 2016 1028 2095 magis
1051 2035 1141 2096 quem

426 2103 570 2183 diligeret
591 2105 701 2165 mulier
723 2124 780 2165 sua
803 2124 893 2185 quam
917 2110 957 2165 te.

335 2210 355 2250 o
378 2210 436 2269 ego
458 2211 518 2253 non
542 2192 627 2269 felix,
652 2212 742 2273 quam
766 2200 800 2254 tn
822 2193 913 2273 sugis,
936 2200 971 2252 ut
992 2200 1086 2273 pavet
1108 2203 1189 2254 acris

427 2299 506 2359 agna
529 2282 617 2362 lupos
640 2301 831 2363 capreaeque
854 2282 986 2342 leones.“

721 2655 818 2726 XIII.

224 2826 236 2838 ⁶
315 2844 453 2907 Horrida
475 2849 643 2924 tempestus
667 2844 786 2906 caelum
809 2846 973 2919 contraxit,
996 2855 1029 2904 01
1051 2844 1164 2905 imbres

406 2933 552 3013 nivesque
569 2933 725 2994 deducunt
738 2932 859 3009 Iovem3
877 2951 956 2993 nunc
972 2951 1066 3006 mare,
1081 2952 1161 2993 nunc
1178 2931 1274 2993 siluae

316 3021 458 3083 Threicio
482 3022 633 3101 Aquilone
656 3029 779 3083 sonant:
804 3022 967 3101 rapiamus,
990 3021 1088 3094 amici,

405 3110 593 3170 occasionem
616 3111 655 3171 de
679 3110 738 3184 die,
762 3110 895 3189 dumque
919 3113 1021 3169 virent
1043 3129 1145 3187 genua

315 3209 350 3258 et
373 3198 470 3273 decet,
494 3199 627 3259 obducta
649 3199 788 3259 solvatur
810 3200 911 3258 t'ronte
935 3196 1091 3259 senectus!
1348 3208 1364 3258 5

406 3292 440 3346 tu
463 3287 534 3347 vina
557 3286 709 3366 Torquato
733 3305 823 3348 move
846 3285 971 3346 consule
994 3305 1102 3366 pressa
1125 3305 1200 3360 meo,

317 3379 422 3435 cetera
443 3374 532 3436 1111110
554 3375 652 3455 loqui3
675 3375 752 3435 deus
776 3375 851 3434 haec
874 3375 1005 3435 fortasse
1029 3374 1163 3453 benigna

407 3463 535 3524 reducet
555 3462 587 3523 in
611 3464 715 3524 sedem
738 3463 815 3523 vice.
840 3482 920 3523 nunc
944 3468 976 3523 et
998 3462 1203 3524 Achaemenio

316 3551 459 3632 perfundi
481 3552 577 3612 nardo
600 3552 686 3612 iuvat
708 3557 741 3612 01
762 3550 824 3611 fide
847 3548 996 3630 Cyllenea

404 3640 509 3700 levare
532 3639 608 3700 diris
631 3646 756 3720 pectora
779 3639 1044 3714 sollicitudinibus,

317 3727 426 3788 nobilis
449 3732 484 3788 ut
507 3728 617 3807 grandi
640 3728 749 3789 cecinit
772 3725 945 3788 Centaurus
969 3728 1104 3788 alumno:

407 3814 548 3890 „invicte
572 3816 708 3877 mortalis
732 3816 791 3875 dea
814 3821 884 3876 nate
908 3835 985 3896 puer
1008 3814 1147 3890 Thetide,

318 3908 349 3962 te
372 3908 475 3964 manet
498 3905 643 3965 Assaraci
667 3905 768 3978 tellus,
794 3923 885 3984 quam
908 3903 1021 3983 frigida
1044 3903 1132 3985 parvi

407 3991 527 4053 findunt
549 3990 730 4054 Scamandri
753 3992 879 4053 flumina
901 3992 1038 4053 lubricus
1060 3997 1092 4052 et
1114 3989 1234 4063 Simois,

318 4080 401 4140 unde
424 4081 481 4141 tibi
502 4081 635 4142 reditum
658 4088 740 4141 certo
765 4081 938 4141 subtemine
960 4080 1076 4141 Parcae
1335 4087 1367 4138 15

407 4188 527 4249 rupere,
549 4188 606 4229 nec
628 4175 728 4231 mater
751 4171 873 4230 domum
897 4170 1021 4229 caerula
1043 4173 1074 4229 te
1096 4169 1234 4228 revehet.

320 4254 382 4317 11110
406 4276 493 4317 omne
516 4258 627 4319 malum
651 4258 722 4318 vino
746 4264 898 4337 cantuque
922 4257 1035 4331 levato,

409 4346 551 4407 deformis
574 4345 778 4425 aegrimoniae
802 4346 943 4407 dulcibus
966 4344 1146 4424 adloquiis.“
