3059 4850
1154 272 1274 316 L113⁴
1303 273 1389 316 111.
1418 277 1567 312 1—11.

771 419 1238 494 desiderantem,
1286 421 1446 499 quod
1495 421 1643 480 satis
1690 430 1802 495 est,
1850 441 2048 500 neque

771 508 1204 568 tumultuosum
1252 508 1542 568 sollicitat
1585 528 1751 570 mare

856 596 970 656 n‘ec
1015 614 1240 656 saevus
1285 597 1535 657 Arcturi
1584 596 1859 658 cadentis

942 684 1206 764 impetus
1253 695 1360 745 aut
1404 685 1655 745 orientis
1703 684 1923 760 Haedi,

771 842 887 884 non
937 826 1296 885 verberatae
1342 825 1644 904 grandine
1692 827 1907 886 vineae

770 913 1116 992 fundusque
1163 914 1449 987 mendax,
1497 916 1713 975 arbore
1763 933 1921 974 nunc
1970 932 2162 994 aquas

858 1001 1162 1082 culpante,
1211 1021 1369 1062 nunc
1418 1002 1713 1063 torrentia
1758 1021 1939 1082 agros

944 1089 1165 1163 sidera,
1213 1109 1374 1151 nunc
1421 1091 1652 1150 hiemes
1699 1091 1953 1170 iniquae.

769 1232 1081 1289 contracta
1125 1229 1325 1310 pisces
1370 1249 1637 1310 aequora
1683 1231 1954 1292 sentiunt

771 1315 945 1376 iactis
991 1316 1051 1377 in
1100 1318 1285 1377 altum
1334 1318 1629 1394 molibus;
1677 1319 1795 1379 huc
1841 1320 2129 1398 frequens

857 1411 1173 1466 caementa
1220 1406 1486 1467 demittit
1532 1408 1880 1488 redemptor

947 1511 1081 1553 cum
1129 1494 1369 1554 famulis
1417 1495 1817 1574 dominusque
1864 1501 2067 1556 terrae

769 1633 1148 1710 fastidiosus;
1198 1636 1307 1694 sed
1354 1635 1535 1696 timor
1582 1644 1645 1696 et
1690 1636 1888 1696 minae

771 1723 1072 1782 scandunt
1117 1724 1350 1798 eodem,
1398 1743 1516 1802 quo
1567 1725 1864 1800 dominus,
1910 1743 2110 1804 neque

859 1811 1103 1872 decedit
1147 1821 1357 1872 aerata
1402 1813 1633 1873 triremi
1681 1820 1745 1873 et

944 1904 1086 1980 post
1132 1900 1398 1978 equitem
1447 1901 1627 1982 sedet
1670 1909 1804 1962 atra
1850 1920 2012 1962 cura.

770 2039 984 2118 quodsi
1033 2040 1341 2101 dolentem
1387 2060 1500 2101 nec
1549 2040 1861 2123 Phrygius
1908 2042 2063 2123 lapis

770 2147 882 2188 nec
927 2147 1334 2209 purpurarum
1382 2129 1586 2190 sidere
1634 2130 1853 2192 clarior

859 2216 1089 2277 delenit
1133 2236 1281 2276 usus
1329 2236 1440 2278 nec
1490 2217 1754 2278 Falerna

944 2304 1091 2364 vitis
1137 2304 1740 2385 Achaemeniumque
1787 2314 2050 2367 costum:

771 2465 878 2506 cur
922 2446 1272 2508 invidendis
1321 2447 1595 2528 postibus
1644 2461 1706 2509 et
1751 2469 1905 2510 novo

772 2535 1030 2597 sublime
1077 2536 1198 2596 ritu
1247 2536 1459 2596 moliar
1505 2535 1772 2597 atrium?

861 2642 968 2684 cur
1016 2623 1177 2684 valle
1222 2630 1565 2704 permutem
1615 2625 1837 2686 Sabina
1912 2614 1943 2644 “

947 2711 1195 2773 divitias
1241 2713 1669 2793 operosiores?

1369 3087 1455 3156 ΙΙ.

771 3259 1118 3337 Angustam
1165 3257 1357 3318 amice
1405 3259 1759 3339 pauperiem
1807 3259 1931 3340 pati

773 3347 1056 3407 robustus
1102 3346 1227 3406 acri
1277 3345 1492 3407 militia
1539 3366 1691 3426 puer

860 3434 1169 3494 condiscat
1213 3444 1277 3494 et
1321 3433 1578 3494 Parthos
1626 3434 1846 3494 ferocis

946 3528 1137 3583 vexet
1182 3541 1370 3601 eques
1416 3524 1782 3583 metuendus
1831 3523 2024 3596 hasta,

772 3663 1078 3742 vitamque
1126 3664 1238 3723 sub
1288 3663 1429 3723 divo
1475 3676 1540 3723 et
1585 3663 1839 3744 trepidis
1888 3674 2032 3743 agat

771 3750 831 3810 in
877 3750 1085 3812 rebus!
1133 3751 1303 3811 illum
1351 3771 1431 3810 ex
1479 3752 1790 3811 moenibus
1838 3753 2088 3813 hosticis

856 3845 1133 3900 matrona
1180 3839 1463 3900 bellantis
1511 3840 1759 3919 tyranni

945 3927 1323 4008 prospiciens
1370 3935 1433 3987 et
1482 3927 1695 3990 adulta
1741 3927 1918 4007 virgo

770 4068 1066 4147 suspiret:
1116 4069 1330 4144 „eheu,
1378 4089 1452 4128 ne
1501 4069 1672 4129 rudis
1720 4070 2029 4148 agminum
2068 4118 2070 4120 .

771 4175 1029 4236 sponsus
1076 4157 1343 4217 lacessat
1388 4158 1597 4234 regius
1646 4176 1930 4237 asperum

856 4253 1025 4305 tactu
1071 4245 1326 4320 leonem,
1375 4265 1555 4325 quem
1604 4252 1860 4306 cruenta

942 4352 1053 4413 per
1100 4334 1334 4393 medias
1381 4335 1542 4414 rapit
1586 4335 1677 4395 ira
1723 4335 1992 4394 caed‘is.“

2441 242 2527 305 43

2532 1510 2596 1550 :ui

2532 1914 2596 1958 4⁴2}

2532 2322 2556 2362 :1
2568 2322 2592 2362 4
