3059 4850
1149 254 1268 308 LlB‘.
1301 265 1362 308 11.
1400 267 1647 301 vni—xl.

769 429 1014 471 auream
1064 410 1335 490 quisquis
1381 411 1859 471 mediocritatem

769 499 986 578 diligit,
1033 505 1203 559 tutus
1251 509 1419 559 caret
1467 498 1721 559 obsoleti

769 588 1049 648 sordibus
1096 588 1259 660 tecti,
1309 596 1479 646 caret
1525 587 1856 647 invidenda

944 676 1180 735 sobrius
1229 676 1384 735 aula.

771 817 1013 897 saepius
1062 816 1263 877 ventis
1309 816 1579 895 agitatur
1624 818 1842 897 ingens

768 905 947 985 pinus
993 914 1057 965 et
1101 904 1311 965 celsae⁴
1350 905 1636 983 graviore
1683 924 1830 966 casu

771 993 1062 1053 decidunt
1108 1003 1311 1052 turres
1361 993 1711 1072 feriuntque
1758 1013 2024 1054 summos

943 1082 1188 1160 fulgura
1232 1087 1486 1142 montes.

770 1228 977 1302 sperat
1020 1222 1280 1296 infestis,
1327 1223 1545 1282 metuit
1589 1223 1875 1282 secundis

771 1310 1022 1371 alteram
1069 1317 1289 1370 sortem
1339 1311 1495 1370 bene
1542 1314 1972 1390 praeparatum

770 1405 1000 1478 pectus.
1070 1398 1345 1458 inforst
1394 1398 1621 1459 hiemes
1668 1398 1911 1458 reducit

950 1486 1241 1566 Iuppiter,
1286 1487 1446 1546 idem

772 1629 1105 1688 submovet.
1174 1646 1312 1702 non,
1359 1628 1411 1687 si
1457 1628 1617 1688 male
1663 1647 1839 1702 nunc,
1888 1638 1954 1689 et
1998 1628 2138 1689 olim

774 1716 858 1778 sic
905 1716 1056 1776 erit:
1107 1716 1411 1796 quondam
1460 1716 1694 1776 cithara
1742 1723 2042 1779 tacentem

773 1805 1027 1864 suscitat
1071 1805 1308 1864 Musam
1354 1824 1558 1884 neque
1606 1824 1847 1885 semper
1893 1824 2097 1866 arcum

946 1892 1143 1953 tendit
1190 1893 1424 1973 Apollo,

775 2034 956 2094 rebus
1003 2033 1282 2111 angustis
1328 2033 1636 2093 animosus
1685 2040 1868 2112 atque

774 2121 947 2181 fortis
992 2121 1256 2201 adpare3
1303 2121 1617 2202 sapienter
1659 2121 1823 2182 idem

776 2209 1094 2269 contrahes
1141 2218 1322 2270 vento
1369 2211 1617 2270 nimium
1666 2211 1934 2270 secundo

949 2298 1199 2376 turgida
1247 2298 1399 2358 vela.

1339 2673 1458 2743 XI.

725 2843 888 2913 Quid
936 2844 1261 2905 bellicosus
1307 2842 1615 2905 Cantaber
1660 2850 1723 2904 et
1771 2838 2055 2928 Scythes,

723 2931 980 3012 Hirpine
1025 2931 1296 3004 Quincti,
1345 2932 1574 3011 cogitet
1621 2932 1856 2994 Hadria

810 3020 1043 3080 divisus
1090 3020 1343 3089 obiect0,
1390 3021 1666 3081 remittas

897 3127 1192 3187 quaerere
1239 3127 1351 3169 nec
1402 3109 1672 3189 trepides
1718 3109 1776 3168 in
1824 3130 2000 3170 usum

722 3250 1029 3329 poscentis
1075 3251 1210 3309 aevi
1257 3269 1469 3330 pauca.
1539 3251 1699 3330 fugit
1744 3257 1908 3312 retro

724 3338 877 3397 levis
922 3338 1205 3398 iuventas
1252 3342 1317 3397 et
1363 3338 1566 3414 decor,
1614 3339 1784 3400 arida

809 3425 1078 3507 pellente
1122 3426 1384 3487 lascivos
1431 3446 1669 3487 amores

898 3515 1118 3574 canitie
1162 3515 1527 3594 facilemque
1574 3534 1877 3591 somnum3

722 3674 840 3715 non
888 3675 1129 3735 semper
1172 3656 1336 3715 idem
1379 3655 1631 3717 floribus
1678 3662 1775 3717 est
1821 3656 2011 3716 honor

722 3745 930 3804 vernis
977 3763 1176 3823 neque
1223 3763 1343 3804 uno
1388 3744 1533 3804 luna
1580 3745 1803 3804 rubens
1851 3744 2002 3804 nitet

809 3833 1006 3893 voltu:
1054 3831 1197 3911 quid
1244 3831 1508 3892 aeternis
1552 3831 1845 3892 minorem

900 3920 1166 3981 consiliis
1215 3920 1475 3980 animum
1524 3917 1795 4000 fatigas?

725 4080 832 4122 cur
876 4081 994 4121 non
1042 4062 1153 4121 sub
1203 4061 1328 4122 alta
1373 4060 1474 4120 vel
1521 4061 1769 4141 platano
1814 4062 1917 4121 vel
1965 4064 2077 4123 hac

723 4150 869 4230 pinu
915 4149 1190 4210 iacentes
1236 4149 1325 4209 sic
1369 4154 1603 4210 temere
1649 4155 1713 4211 ct
1757 4168 1899 4211 rosa

811 4257 995 4299 canos
1041 4237 1277 4298 odorati
1326 4236 1596 4317 capillos,

904 4326 1047 4386 dum
1092 4326 1258 4400 licet,
1303 4325 1686 4405 Assyriaque
1730 4327 1921 4387 nardo

403 4434 574 4479 Horati
599 4437 826 4480 carmina.

2524 1498 2580 1538 lli

2516 2306 2576 2350 24
