3059 4850
605 275 664 321 uls.
680 275 721 318 lv.
740 279 830 315 lv-v.

376 443 461 503 gens,
485 441 564 504 quae
587 429 720 484 cremato
743 423 830 483 fortis
854 422 891 484 ab
915 421 973 483 Ilio

376 514 488 573 iactata
512 511 620 572 Tuscis
644 512 829 590 aequoribus
852 530 941 572 sacra

419 605 569 680 natosque
592 604 789 679 maturosque
812 605 916 679 patres

463 688 590 768 pertulit
613 687 765 749 Ausonias
790 688 829 747 ad
852 687 954 762 urbes,

378 828 461 889 dums
484 833 519 889 ut
541 828 606 888 ilex
629 838 717 890 tonsa
740 827 923 908 bipennibus

377 916 483 997 nigrae
507 916 602 977 feraci
626 915 744 976 frondis
768 916 798 976 in
823 915 945 994 Algido,

420 1024 476 1087 per
499 1005 618 1079 damna,
641 1023 698 1086 per
722 1005 827 1065 caedis
850 1005 887 1064 ab
910 1003 976 1085 ipso

466 1093 550 1154 ducit
572 1112 646 1173 opes
669 1092 864 1171 animumque
887 1091 976 1152 ferro.

378 1253 436 1295 non
459 1234 559 1314 hydra
582 1238 666 1296 secto
690 1252 816 1314 corpore
838 1233 953 1294 firmior

377 1322 459 1383 uinci
482 1324 635 1384 dolentem
660 1324 758 1384 crevit
781 1323 812 1382 in
836 1321 1011 1397 Herculem,

420 1415 628 1472 monstrumve
652 1411 822 1471 submisere
845 1408 950 1473 Colchi

464 1499 561 1559 maius
584 1498 791 1560 Echioniaeve
815 1498 947 1559 Thebae.

376 1659 493 1701 merses
516 1641 680 1721 profundo:
705 1639 860 1721 pulchrior
883 1639 999 1715 evenit3

377 1730 510 1790 luctere:
536 1729 630 1790 mults
652 1735 780 1809 proruet
803 1730 956 1807 integrum
1068 1739 1076 1755 ·

421 1835 489 1878 cum
512 1817 602 1877 laude
626 1817 774 1877 victorem
798 1822 947 1895 geretque

464 1904 580 1986 proelia
602 1905 782 1984 coniugibus
806 1904 965 1984 loquenda.

378 2044 554 2125 Carthagini
576 2044 637 2106 iam
661 2064 720 2106 uon
743 2064 803 2125 ego
826 2045 948 2106 nuntios

378 2135 497 2196 mittam
520 2136 683 2214 superbos3
706 2134 826 2208 occidit,
850 2133 960 2193 occidit

422 2242 492 2303 spes
516 2223 612 2282 omnis
635 2228 667 2283 et
688 2223 809 2282 fortuna
831 2221 928 2282 nostri

465 2311 596 2371 nominis
619 2309 814 2371 Hasdrubale
837 2310 1027 2391 interempto.

378 2453 420 2513 nil
444 2450 590 2515 Claudiae
613 2472 672 2513 non
695 2452 855 2534 perficient
877 2471 995 2528 manus,

378 2559 455 2621 quas
477 2547 510 2602 et
533 2541 663 2620 benigno
686 2541 808 2602 numine
832 2540 972 2621 Iuppiter

423 2629 560 2690 defendit
582 2635 727 2691 stouras
750 2647 880 2708 sagaces

466 2717 636 2797 expediunt
658 2736 714 2799 per
737 2722 829 2778 acuta
852 2716 953 2778 helli.“

699 3091 743 3161 V.

379 3261 465 3323 Diris
489 3269 555 3324 orte
578 3262 672 3336 bonis,
696 3263 808 3343 optime
834 3262 981 3323 Romulae

379 3360 480 3412 custos
503 3350 613 3430 gentis,
636 3353 709 3411 ebes
732 3352 792 3411 iam
815 3351 938 3410 nimium
964 3350 1030 3426 diu;

379 3444 530 3499 maturum
553 3438 685 3499 reditum
709 3439 861 3519 pollicitus
885 3443 1006 3519 patrum

467 3537 571 3587 sancto
594 3528 729 3602 concilio,
752 3527 832 3587 redit

378 3666 478 3728 lucem
501 3668 596 3729 redde
619 3674 699 3744 tuae,
723 3670 788 3728 dux
811 3669 898 3742 bone,
921 3667 1054 3748 patriae;

379 3756 477 3817 instar
499 3756 582 3816 veris
605 3757 686 3816 enim
710 3756 813 3816 voltus
837 3756 889 3816 ubi
913 3763 982 3815 tuus

380 3843 504 3905 adfulsit
527 3844 646 3924 populo,
670 3845 787 3923 gratior
810 3844 834 3903 it
857 3844 923 3903 dies

467 3937 500 3991 et
521 3932 601 3993 soles
624 3932 732 3992 melius
755 3933 861 3993 nitent.

379 4083 412 4135 ut
435 4078 533 4134 mater
554 4073 706 4149 iuvenem,
733 4093 823 4153 quem
848 4073 947 4134 Notus
969 4073 1074 4134 invido

379 4162 454 4223 flatu
478 4160 634 4243 Carpathii
657 4169 742 4223 trans
766 4161 858 4222 maris
882 4181 1014 4242 aequora

380 4256 572 4312 cunctantem
595 4250 692 4331 spatio
716 4250 838 4330 longius
861 4269 961 4311 annuo

468 4339 549 4400 dulci
573 4339 700 4399 distinet
723 4358 742 4399 a
764 4340 862 4415 domo,
