3059 4850
473 3505 533 3555 15

1283 1102 1335 1196 C
1368 1102 1440 1195 A
1473 1103 1538 1195 R
1579 1100 1727 1194 Ml
1762 1101 1830 1194 N
1870 1102 1937 1194 U
1975 1102 2058 1194 M

1377 1325 1599 1392 muna
1642 1324 1963 1391 ruamus.

1649 1668 1700 1736 1.

997 1819 1144 1943 Odi
1192 1874 1502 1954 profanum
1553 1874 1775 1953 volgus
1822 1882 1885 1933 et
1930 1893 2123 1935 arceo.

991 1964 1194 2023 favete
1243 1962 1493 2042 linguis!
1543 1963 1811 2023 carmina
1856 1983 1974 2023 non
2024 1963 2192 2044 prius

1080 2052 1289 2111 audita
1335 2051 1648 2111 Musarum
1697 2051 1983 2111 sacerdos

1167 2139 1508 2218 virginibus
1556 2139 1883 2220 puerisque
1932 2148 2125 2199 canto,

994 2368 1206 2429 regum
1254 2350 1658 2409 timendorum
1705 2349 1765 2408 in
1812 2349 2087 2430 proprios
2135 2367 2384 2429 greg-ee,

993 2458 1177 2518 reges
1223 2438 1283 2497 in
1332 2438 1494 2519 ipsos
1542 2439 1857 2518 imperium
1907 2446 2003 2499 est
2049 2438 2215 2498 Iovis

1082 2527 1229 2605 clari
1278 2524 1588 2605 Giganteo
1636 2526 1955 2606 triumphO,

1169 2622 1389 2675 cuncta
1436 2615 1760 2695 supercilio
1807 2614 2123 2675 moventis.

995 2834 1092 2885 est
1137 2832 1206 2885 ut
1255 2825 1384 2885 viro
1443 2825 1528 2884 vir
1576 2826 1758 2886 latius
1805 2826 2046 2885 ordinet

995 2915 1244 2973 arbusta
1290 2913 1495 2985 sulciS,
1544 2913 1639 2973 hic
1686 2914 2040 2991 generosior

1084 3002 1421 3061 descendat
1463 3002 1521 3060 in
1572 3020 1849 3081 campum
1897 3003 2139 3081 petitor,

1170 3090 1435 3150 moribus
1484 3089 1581 3150 hic
1628 3090 1962 3169 meliorque
2011 3089 2170 3149 fama

995 3231 1339 3305 contendat,
1387 3230 1472 3291 illi
1520 3233 1697 3290 turba
1743 3230 2054 3291 clientium

996 3320 1076 3379 sit
1124 3319 1342 3379 maior:
1392 3338 1589 3399 aequa
1632 3320 1771 3397 lege
1821 3320 2152 3380 necessitas

1083 3407 1334 3467 sortitur
1380 3408 1640 3486 insignis
1689 3414 1751 3467 et
1798 3407 1969 3481 imOS,

1172 3514 1345 3556 omne
1394 3515 1589 3578 capax
1638 3501 1841 3554 movet
1884 3514 2040 3555 urna
2086 3514 2325 3556 nomen.

996 3637 1324 3697 destrictus
1373 3638 1536 3699 ensis
1584 3638 1679 3697 cui
1728 3656 1912 3717 super
1961 3637 2123 3718 inpia

996 3725 1236 3786 cervice
1283 3728 1526 3806 pendet,
1576 3746 1691 3786 non
1740 3725 1978 3786 Siculae
2027 3727 2217 3805 dapes

1084 3812 1321 3874 dulcem
1371 3815 1771 3875 elaborabunt
1817 3833 2111 3896 saporem,

1170 3921 1287 3962 non
1337 3904 1539 3963 avium
1586 3902 1976 3981 citharaeque
2026 3908 2239 3962 cantus

995 4061 1269 4103 somnum
1317 4044 1641 4119 reducent3
1690 4062 1934 4104 somnus
1982 4045 2319 4123 agrestium

994 4131 1148 4190 lenis
1196 4131 1462 4191 virorum
1510 4151 1628 4193 non
1680 4132 1921 4191 humilis
1970 4132 2178 4192 domos

1085 4219 1319 4279 fastidit
1363 4221 1831 4299 umbrosamque
1880 4220 2087 4300 ripam,

1171 4327 1287 4367 non
1337 4308 1639 4389 Zephyris
1687 4308 1915 4387 agitata
1963 4308 2208 4389 Tempe.
