3059 4850
652 292 712 337 LlB.
729 294 748 338 1.
763 297 863 332 vr-rx.

300 457 379 519 „quo
404 458 458 499 uos
481 459 611 519 cumque
633 436 714 501 feret
737 440 843 501 melior
866 441 988 502 fortuna
1010 447 1147 522 parente,

406 527 524 600 ibimus,
548 546 564 587 o
589 528 662 588 socii
685 527 885 608 comitesque!

300 616 343 676 nil
366 617 592 697 desperandum
616 616 734 676 Teucro
758 617 836 677 duce
860 621 892 676 ct
914 617 1038 697 auspice
1062 617 1196 693 Teucr03

406 710 509 765 certus
534 706 613 765 enim
638 705 777 785 promisit
800 705 910 785 Apollo
1309 714 1345 764 28

294 844 473 924 ambiguam
495 845 607 905 tellure
631 863 711 905 nova
733 844 888 906 Salamina
911 845 1051 906 futuram.

404 951 421 992 o
444 933 539 993 fortes
558 933 725 1013 peioraque
749 935 831 1014 passi

298 1040 416 1082 mecum
432 1040 533 1101 ,saepe
556 1022 625 1095 viri,
649 1040 729 1081 nunc
752 1023 825 1082 vino
848 1022 954 1102 pellite
978 1041 1080 1083 curas:

404 1127 472 1169 cras
495 1111 605 1189 ingens
629 1110 809 1171 iterabimus
832 1110 978 1189 aequor!“

706 1308 804 1378 VIII.

298 1443 407 1524 Lydia,
431 1444 488 1516 dic,
512 1463 567 1524 per
591 1454 688 1504 omnis

404 1539 433 1591 te
457 1532 532 1592 deos
556 1551 617 1606 oro,
641 1532 774 1613 SybcrIn
798 1552 853 1593 cur
876 1553 1022 1614 properes
1046 1534 1175 1593 amando
1255 1566 1256 1569 ¹

297 1621 437 1702 perdere,
461 1639 516 1681 cur
538 1620 674 1700 apricum

406 1708 505 1768 oderit
528 1727 675 1788 campum,
700 1711 820 1790 patiens
844 1708 981 1790 pulveris
1004 1714 1096 1789 atque
1120 1708 1207 1770 solis!
1328 1718 1345 1767 4

298 1867 352 1909 cur
375 1868 473 1928 neque
496 1848 638 1910 militaris

403 1937 483 1998 inter
506 1937 646 2017 aequalis
669 1938 795 2017 equitat,
821 1936 940 2000 GallIca
962 1958 1019 1999 nec
1042 1939 1154 2017 lupatis

299 2031 449 2106 temperat
472 2045 525 2086 ora
547 2027 665 2086 frenis?

404 2133 459 2175 cur
482 2114 572 2174 timet
595 2114 706 2174 flavum
731 2114 865 2175 Tiberim
890 2112 1042 2192 tangere?
1065 2134 1120 2175 cur
1142 2114 1255 2175 cliuum
1328 2122 1345 2172 8

299 2255 447 2334 sanguiue
470 2255 608 2335 viperIno

404 2343 523 2403 cautius
547 2344 624 2404 vitat
647 2363 747 2421 neque
771 2344 830 2403 iam
853 2344 950 2404 lirida
972 2348 1075 2422 gestat
1097 2344 1189 2404 armis

298 2432 450 2507 bracchia,
474 2451 568 2512 saepe
592 2433 675 2493 disco
1314 2510 1316 2515 ³

406 2540 498 2600 saepe
524 2528 608 2581 trans
631 2520 721 2580 finem
746 2522 844 2581 iaculo
867 2521 976 2581 nobilis
1000 2521 1168 2601 expedito?
1313 2531 1345 2578 12

298 2662 396 2740 quid?
420 2660 505 2736 latet,
529 2671 562 2720 ut
586 2662 721 2721 marinae

404 2749 497 2810 filiam
523 2750 628 2810 dicunt
652 2749 791 2809 Thetidis
815 2751 872 2809 sub
896 2750 1056 2810 lacrimosa
1080 2749 1190 2810 Troiae

299 2838 416 2913 funera,
440 2857 478 2897 ne
502 2837 599 2897 virilis

404 2927 504 2987 cultus
527 2927 557 2985 in
582 2926 708 2985 caedem
730 2930 762 2985 ot
779 2925 891 3006 Lycias
906 2926 1078 3005 proriperet
1094 2927 1255 2987 catervas?
1313 2935 1345 2985 16

725 3141 785 3210 IX.

468 3276 574 3351 Vides,
598 3286 633 3335 ut
656 3276 719 3337 alta
743 3276 896 3336 statuive
920 3277 1092 3354 candidum·

467 3364 594 3425 Soracte
618 3383 674 3423 nec
697 3365 758 3424 iam
782 3366 955 3425 sustineant
978 3384 1053 3426 onus
1093 3422 1096 3426 .

518 3453 614 3512 silvae
638 3453 812 3513 laborantes
836 3453 969 3532 geluque
1054 3445 1069 3474 ‘

571 3541 694 3602 fiumina
718 3542 912 3601 oonstIterint
935 3549 1032 3602 acuto.

466 3682 600 3741 dissolve
624 3682 721 3759 frigus
745 3681 830 3760 ligna
853 3701 946 3762 super
968 3684 1033 3742 foco

466 3771 552 3849 large
577 3788 730 3849 reponens
754 3779 845 3848 atquc
868 3771 1030 3850 benignius

519 3859 662 3938 deprome
686 3859 879 3936 quadrImum
903 3858 1026 3933 Sabina,

571 3966 587 4005 o
612 3946 802 4019 Thaliarche,
825 3965 942 4006 merum
966 3947 1064 4007 diota!

464 4087 607 4167 permitte
632 4087 711 4147 divis
736 4093 853 4162 cetera3
877 4087 929 4166 qui
953 4088 1042 4146 simul

464 4181 603 4235 stravere
628 4179 737 4235 ventos
761 4194 893 4253 aequore
917 4175 1035 4236 fervido

520 4263 751 4343 deproeliantls,
774 4283 831 4323 nec
854 4264 991 4343 cupressi

570 4371 625 4412 uec
649 4356 772 4411 veteres
797 4352 954 4431 agitantur
977 4351 1051 4410 orni
