3059 4850
448 666 513 706 llll

448 1070 517 1114 ιη

457 2479 517 2527 m

465 2887 521 2932 ln

457 3291 525 3331 Ἠ]

1348 240 1594 283 ΗΟΒΑΤΙ
1625 240 1967 284 ΟΑΒΜῙΝῸΜ

975 409 1082 448 seu
1133 385 1369 450 Graeco
1415 389 1629 448 iubeas
1677 389 1901 463 trocho,

1151 496 1260 537 seu
1308 476 1482 536 malis
1527 476 1725 538 vetita
1772 478 2008 556 legibus
2054 476 2207 551 alea,

976 584 1107 625 cum
1159 565 1403 646 periura
1447 566 1640 645 patris
1684 564 1840 626 fides

1152 661 1494 714 consortem
1542 653 1772 714 socium
1820 653 1993 715 fallat
2038 662 2101 714 et
2150 653 2450 733 hospitem

975 795 1348 874 indignoque
1394 795 1711 876 pecuniam

1151 883 1366 945 heredi
1414 892 1715 963 properet.
1766 882 2001 943 scilicet
2048 883 2337 964 inprobae

973 976 1260 1032 crescunt
1307 971 1576 1046 divitiae,
1624 978 1825 1032 tamen

1153 1067 1361 1121 curtae
1410 1060 1613 1120 nescio
1661 1060 1808 1140 quid
1858 1078 2101 1139 semper
2147 1059 2323 1120 abest
2370 1058 2475 1119 rei.

1547 1258 1767 1338 XXV.

769 1406 817 1462 *102
833 1414 900 1455 uo
949 1414 1065 1471 me,
1115 1393 1373 1468 Bacche,
1422 1395 1587 1475 rapis
1636 1395 1723 1455 tui

939 1479 1232 1563 plenum?
1287 1500 1443 1561 quae
1490 1501 1737 1543 nemora
1784 1493 1890 1544 aut
1936 1502 2089 1562 quos
2135 1501 2285 1563 agor
2331 1483 2393 1543 in
2443 1501 2669 1564 specus

769 1573 950 1631 velox
998 1575 1201 1631 mente
1251 1570 1454 1631 nova?
1503 1571 1723 1649 quibus

942 1660 1133 1719 antris
1179 1659 1412 1737 egregii
1461 1655 1746 1720 Caesaris
1793 1660 2007 1719 audiar

769 1814 1080 1862 aeternum
1126 1799 1426 1860 meditans
1474 1800 1662 1860 decus

943 1888 1141 1949 stellis
1186 1888 1457 1948 inserere
1505 1897 1569 1949 et
1615 1887 1865 1949 oonsilio
1912 1888 2120 1948 Iovis?

769 1978 960 2038 dinam
1010 1977 1269 2057 insigne,
1315 1995 1549 2051 recens,
1597 1976 1799 2037 adhuc

942 2064 1237 2126 indictum
1283 2084 1384 2125 ore
1431 2064 1565 2125 alio.
1613 2085 1732 2126 non
1780 2084 1959 2126 secus
2007 2065 2067 2125 in
2115 2065 2274 2144 iugis

769 2206 1080 2267 exsomnis
1127 2211 1334 2286 stupet
1377 2205 1629 2281 Euhias,

943 2294 1218 2355 Hebrum
1263 2294 1639 2375 prospiciens
1688 2300 1753 2354 et
1798 2294 1939 2354 nive
1986 2293 2307 2355 candidam

773 2386 1048 2445 Thracen
1095 2402 1167 2445 ac
1212 2384 1368 2464 pede
1418 2383 1674 2445 barbaro

947 2473 1265 2533 lustratam
1313 2470 1672 2553 Rhodopen,
1721 2478 1788 2532 ut
1831 2472 1974 2531 mihi
2026 2472 2202 2532 devio

773 2619 933 2695 ripas
980 2621 1043 2673 et
1088 2631 1346 2674 vacuum
1394 2631 1610 2673 nemus

944 2701 1150 2762 mirari
1196 2700 1361 2762 libet.
1411 2720 1444 2760 o
1491 2699 1798 2762 Naiadum
1848 2711 2062 2782 potens

779 2791 1266 2868 Baccharumque
1315 2788 1646 2848 valentium

945 2896 1230 2960 proceras
1275 2877 1553 2937 manibus
1600 2882 1843 2937 vertere
1892 2875 2185 2950 fraxinos,

777 3023 853 3079 nil
898 3038 1152 3100 parvum
1197 3022 1304 3079 aut
1348 3016 1558 3078 humili
1606 3018 1801 3091 modo,

944 3108 1029 3167 nil
1075 3105 1328 3168 mortale
1377 3105 1617 3185 loquar!
1667 3105 1844 3165 dulce
1891 3104 2227 3185 periculum
2275 3111 2390 3180 est,

773 3219 803 3255 n
853 3195 1109 3268 Lenaee,
1157 3195 1328 3275 sequi
1377 3196 1559 3256 deum

946 3286 1292 3364 cingentem
1339 3284 1522 3344 viridi
1569 3289 1848 3363 tempora
1892 3280 2201 3363 pampino!

1525 3497 1784 3569 XXVL

1088 3635 1231 3696 Vixi
1281 3635 1500 3716 puellis
1548 3653 1745 3716 nuper
1793 3635 2051 3696 idoneus

1087 3728 1151 3785 et
1194 3723 1452 3784 militavi
1497 3741 1619 3783 non
1666 3722 1799 3783 sine
1845 3722 2065 3803 gloria3

1176 3830 1335 3872 nunc
1381 3830 1553 3873 arma
1600 3811 2074 3891 defunctumque
2122 3809 2281 3870 bello

1267 3900 1543 3961 barbiton
1590 3899 1690 3960 hio
1736 3900 1941 3980 paries
1989 3898 2253 3974 habebit,

1089 4043 1332 4103 laevum
1378 4042 1648 4103 marinae
1694 4041 1799 4121 qui
1849 4040 2109 4101 'Veneris
2155 4039 2318 4100 latus

1091 4130 1369 4192 custodit.
1418 4129 1533 4205 hic,
1581 4129 1679 4191 hic
1726 4129 1931 4211 ponite
1977 4129 2180 4190 lucida

1180 4217 1405 4279 funalia
1450 4225 1514 4278 et
1558 4224 1757 4279 vectIs
1803 4224 1867 4278 et
1910 4236 2091 4278 arcus

1266 4306 1559 4387 oppositis
1606 4306 1836 4368 foribus
1881 4306 2153 4367 minacis.
