3059 4850
1106 259 1228 306 LlB.
1258 260 1297 306 1.
1325 263 1735 298 xxxm—xxxv.

1272 621 1564 694 XXXV.

739 810 790 872 Ο
842 811 1003 884 diva,
1050 814 1294 891 gratum
1341 830 1499 890 quae
1547 810 1712 890 regis
1758 810 2032 887 Antium,

733 918 1026 982 praesens
1074 899 1175 959 vel
1220 900 1339 960 imo
1387 899 1604 960 tollere
1654 900 1732 959 de
1778 901 1979 978 gradu

821 988 1076 1049 mortale
1123 1007 1344 1069 corpus
1393 987 1494 1048 vel
1542 988 1839 1067 superbos

909 1079 1156 1137 vertere
1203 1075 1516 1136 funeribus
1563 1076 1923 1156 triumphos,

735 1223 797 1278 te
843 1236 1078 1298 pauper
1124 1216 1314 1278 ambit
1359 1216 1621 1277 sollicita
1666 1234 1849 1296 prece

734 1306 894 1365 ruris
942 1306 1210 1380 colonus,
1260 1315 1321 1366 te
1371 1305 1673 1365 dominam
1720 1304 2019 1384 aequoris,

823 1394 1188 1474 quicumque
1237 1393 1512 1473 Bithyna
1558 1392 1807 1453 lacessit

911 1480 1310 1564 Carpathium
1355 1482 1617 1561 pelagus
1665 1481 1897 1560 carina3

733 1627 797 1684 te
845 1623 1047 1684 Dacus
1093 1641 1295 1703 asper,
1344 1625 1406 1682 te
1450 1622 1695 1703 profugi
1742 1620 2012 1702 Scythae

733 1714 1042 1791 urbesque
1091 1715 1431 1790 gentesque
1479 1716 1545 1770 et
1594 1709 1833 1771 Latium
1881 1711 2060 1771 ferox

822 1819 1160 1878 regumque
1207 1807 1434 1858 matres
1481 1800 1877 1859 barbarorum
1924 1806 1989 1860 et

909 1887 1202 1969 purpurei
1249 1890 1528 1948 metuunt
1573 1887 1837 1968 tyranni,

734 2028 1019 2089 iniurioso
1069 2048 1146 2088 ne
1193 2028 1350 2108 pede
1398 2046 1656 2108 proruas

735 2121 996 2178 stantem
1045 2117 1401 2191 columnam,
1447 2136 1565 2176 neu
1615 2115 1875 2196 populus
1920 2116 2209 2195 frequens

822 2205 900 2266 ad
948 2223 1118 2265 arma
1165 2211 1489 2278 cessantis,
1536 2206 1615 2264 ad
1664 2221 1833 2264 arma

912 2293 1177 2354 concitet
1224 2292 1669 2375 imperiumque
1715 2293 1973 2371 frangat.

735 2441 796 2496 te
844 2455 1086 2515 semper
1132 2434 1323 2495 anteit
1368 2453 1552 2494 serva
1596 2432 1970 2508 Necessitas,

735 2524 940 2585 clavos
988 2524 1239 2585 trabalis
1285 2530 1348 2582 et
1393 2542 1619 2583 cuneos
1666 2541 1849 2582 manu

818 2617 1074 2693 gestans
1121 2616 1291 2685 aena,
1335 2629 1450 2671 nec
1496 2629 1753 2670 severus

908 2720 1102 2762 uncus
1149 2701 1326 2760 abest
1370 2699 1790 2779 liquidumque
1836 2698 2179 2779 plumbum3

733 2847 797 2903 te
849 2839 1008 2921 Spes
1054 2843 1119 2899 et
1163 2840 1300 2901 albo
1347 2858 1488 2900 rara
1538 2838 1724 2899 Fides
1771 2839 1914 2900 colit

732 2930 941 3005 velata
986 2947 1185 3010 panno
1233 2947 1347 2988 nec
1392 2928 1672 2989 comitem
1721 2929 2004 3007 abnegat,

818 3021 1150 3097 utcumque
1198 3021 1428 3077 mutata
1474 3021 1742 3096 potentis

907 3114 1085 3165 veste
1132 3106 1340 3165 domos
1386 3104 1631 3165 inimica
1679 3105 1921 3184 linquis.

731 3252 795 3309 at
839 3247 1058 3327 volgus
1103 3245 1356 3307 infidum
1402 3251 1468 3306 et
1511 3246 1808 3314 meretrix
1854 3252 2019 3307 retro

730 3336 976 3416 periura
1021 3335 1199 3410 cedit,
1250 3333 1579 3413 diffugiunt
1624 3335 1792 3394 cadis

819 3425 956 3484 c'um
1000 3425 1172 3484 faece
1218 3423 1464 3483 siccatis
1513 3423 1706 3498 amici,

906 3513 1069 3573 ferre
1117 3513 1328 3591 iugum
1364 3512 1608 3592 pariter
1656 3509 1865 3572 dolosi.

732 3672 943 3713 serves
988 3653 1217 3712 iturum
1264 3650 1589 3714 Caesarem
1636 3652 1701 3711 in
1724 3647 1993 3711 'ultimos

732 3741 894 3801 orbis
938 3740 1262 3801 Britannos
1310 3743 1374 3799 et
1419 3741 1710 3800 iuvenum
1757 3758 1973 3800 recens

818 3848 1077 3889 examen
1126 3828 1271 3889 Eois
1319 3829 1655 3888 timendum

903 3917 1179 3997 partibus
1227 3915 1593 3996 Oceanoque
1638 3918 1840 3977 rubro.

731 4059 905 4132 eheu,
952 4058 1302 4119 cicatricum
1349 4062 1412 4119 et
1456 4058 1710 4119 sceleris
1755 4059 1949 4137 pudet

730 4147 1124 4226 fratrumque.
1173 4146 1318 4226 quid
1365 4165 1476 4206 nos
1525 4148 1680 4207 dura
1726 4146 2058 4225 refugimus

819 4236 1035 4296 aetas?
1083 4235 1230 4314 quid
1277 4235 1573 4295 intactum
1621 4234 1841 4295 nefasti

904 4323 1238 4403 liquimus?
1285 4323 1448 4384 unde
1493 4342 1739 4384 manum
1786 4324 2074 4385 iuventus

2444 229 2528 294 23

2528 2711 2596 2755 ‘1⁴1⁵
