<?xml version="1.0" encoding="UTF-8"?>
<!DOCTYPE html PUBLIC "-//W3C//DTD XHTML 1.0 Transitional//EN"
    "http://www.w3.org/TR/xhtml1/DTD/xhtml1-transitional.dtd">
<html xmlns="http://www.w3.org/1999/xhtml" xml:lang="en" lang="en">
 <head>
  <title>
</title>
<meta http-equiv="Content-Type" content="text/html;charset=utf-8" />
  <meta name='ocr-system' content='tesseract 3.04.00' />
  <meta name='ocr-capabilities' content='ocr_page ocr_carea ocr_par ocr_line ocrx_word'/>
</head>
<body>
  <div class='ocr_page' id='page_1' title='image "./odenundepoden01horagoog_0027.png"; bbox 0 0 3059 4850; ppageno 0'>
   <div class='ocr_carea' id='block_1_1' title="bbox 1083 279 1597 324">
    <p class='ocr_par' dir='ltr' id='par_1_1' title="bbox 1083 279 1597 324">
     <span class='ocr_line' id='line_1_1' title="bbox 1083 279 1597 324; baseline -0.006 -4"><span class='ocrx_word' id='word_1_1' title='bbox 1083 279 1202 321; x_wconf 89' lang='lat' dir='ltr'>LlB.</span> <span class='ocrx_word' id='word_1_2' title='bbox 1235 280 1271 324; x_wconf 91' lang='lat'>1.</span> <span class='ocrx_word' id='word_1_3' title='bbox 1303 282 1597 318; x_wconf 78' lang='lat' dir='ltr'>xva—xxx.</span> 
     </span>
    </p>
   </div>
   <div class='ocr_carea' id='block_1_2' title="bbox 544 423 1987 773">
    <p class='ocr_par' dir='ltr' id='par_1_2' title="bbox 544 423 1375 504">
     <span class='ocr_line' id='line_1_2' title="bbox 544 423 1375 504; baseline 0.001 -20"><span class='ocrx_word' id='word_1_4' title='bbox 544 426 667 485; x_wconf 89' lang='lat' dir='ltr'>urit</span> <span class='ocrx_word' id='word_1_5' title='bbox 714 444 811 485; x_wconf 88' lang='lat' dir='ltr'>me</span> <span class='ocrx_word' id='word_1_6' title='bbox 860 423 1169 504; x_wconf 79' lang='lat' dir='ltr'>Glycerae</span> <span class='ocrx_word' id='word_1_7' title='bbox 1216 426 1375 486; x_wconf 86' lang='lat' dir='ltr'>nitor</span> 
     </span>
    </p>

    <p class='ocr_par' dir='ltr' id='par_1_3' title="bbox 546 513 1987 682">
     <span class='ocr_line' id='line_1_3' title="bbox 761 513 1987 597; baseline 0.004 -25"><span class='ocrx_word' id='word_1_8' title='bbox 761 514 1138 594; x_wconf 89' lang='lat' dir='ltr'>splendentis</span> <span class='ocrx_word' id='word_1_9' title='bbox 1188 513 1364 574; x_wconf 83' lang='lat' dir='ltr'>Pario</span> <span class='ocrx_word' id='word_1_10' title='bbox 1413 534 1710 575; x_wconf 88' lang='lat' dir='ltr'>marmore</span> <span class='ocrx_word' id='word_1_11' title='bbox 1759 521 1987 597; x_wconf 64' lang='lat' dir='ltr'>purius.</span> 
     </span>
     <span class='ocr_line' id='line_1_4' title="bbox 546 601 1309 682; baseline 0.003 -23"><span class='ocrx_word' id='word_1_12' title='bbox 546 601 669 660; x_wconf 86' lang='lat' dir='ltr'>urit</span> <span class='ocrx_word' id='word_1_13' title='bbox 714 611 893 680; x_wconf 85' lang='lat' dir='ltr'>grata</span> <span class='ocrx_word' id='word_1_14' title='bbox 938 603 1309 682; x_wconf 80' lang='lat' dir='ltr'><strong>protervitas</strong></span> 
     </span>
    </p>

    <p class='ocr_par' dir='ltr' id='par_1_4' title="bbox 761 691 1947 773">
     <span class='ocr_line' id='line_1_5' title="bbox 761 691 1947 773; baseline 0 -24"><span class='ocrx_word' id='word_1_15' title='bbox 761 697 825 749; x_wconf 88' lang='lat' dir='ltr'>et</span> <span class='ocrx_word' id='word_1_16' title='bbox 872 691 1074 750; x_wconf 86' lang='lat' dir='ltr'>voltus</span> <span class='ocrx_word' id='word_1_17' title='bbox 1121 691 1369 750; x_wconf 88' lang='lat' dir='ltr'>nimium</span> <span class='ocrx_word' id='word_1_18' title='bbox 1419 692 1692 751; x_wconf 90' lang='lat' dir='ltr'>lubricus</span> <span class='ocrx_word' id='word_1_19' title='bbox 1741 693 1947 773; x_wconf 53' lang='lat' dir='ltr'>aspir-i.</span> 
     </span>
    </p>
   </div>
   <div class='ocr_carea' id='block_1_3' title="bbox 548 830 2203 1176">
    <p class='ocr_par' dir='ltr' id='par_1_5' title="bbox 548 830 1419 891">
     <span class='ocr_line' id='line_1_6' title="bbox 548 830 1419 891; baseline 0.002 -2"><span class='ocrx_word' id='word_1_20' title='bbox 548 830 606 889; x_wconf 88' lang='lat' dir='ltr'>in</span> <span class='ocrx_word' id='word_1_21' title='bbox 653 851 750 891; x_wconf 90' lang='lat' dir='ltr'>me</span> <span class='ocrx_word' id='word_1_22' title='bbox 798 836 925 890; x_wconf 90' lang='lat' dir='ltr'>tota</span> <span class='ocrx_word' id='word_1_23' title='bbox 971 850 1156 890; x_wconf 87' lang='lat' dir='ltr'>ruens</span> <span class='ocrx_word' id='word_1_24' title='bbox 1210 830 1419 891; x_wconf 83' lang='lat' dir='ltr'>Venus</span> 
     </span>
    </p>

    <p class='ocr_par' dir='ltr' id='par_1_6' title="bbox 548 916 2099 1087">
     <span class='ocr_line' id='line_1_7' title="bbox 759 916 2099 1001; baseline 0.001 -22"><span class='ocrx_word' id='word_1_25' title='bbox 759 916 1027 999; x_wconf 81' lang='lat' dir='ltr'>Cyprum</span> <span class='ocrx_word' id='word_1_26' title='bbox 1079 919 1353 979; x_wconf 87' lang='lat' dir='ltr'>deseruit</span> <span class='ocrx_word' id='word_1_27' title='bbox 1401 941 1509 980; x_wconf 89' lang='lat' dir='ltr'>nec</span> <span class='ocrx_word' id='word_1_28' title='bbox 1556 922 1787 1001; x_wconf 81' lang='lat' dir='ltr'>patitur</span> <span class='ocrx_word' id='word_1_29' title='bbox 1835 925 2099 1001; x_wconf 52' lang='lat' dir='ltr'>&amp;cythas</span> 
     </span>
     <span class='ocr_line' id='line_1_8' title="bbox 548 1007 1464 1087; baseline 0.002 -23"><span class='ocrx_word' id='word_1_30' title='bbox 548 1017 613 1067; x_wconf 87' lang='lat' dir='ltr'>et</span> <span class='ocrx_word' id='word_1_31' title='bbox 659 1010 855 1066; x_wconf 83' lang='lat' dir='ltr'>versis</span> <span class='ocrx_word' id='word_1_32' title='bbox 904 1007 1237 1067; x_wconf 87' lang='lat' dir='ltr'>animosum</span> <span class='ocrx_word' id='word_1_33' title='bbox 1290 1008 1464 1087; x_wconf 85' lang='lat' dir='ltr'>equis</span> 
     </span>
    </p>

    <p class='ocr_par' dir='ltr' id='par_1_7' title="bbox 759 1093 2203 1176">
     <span class='ocr_line' id='line_1_9' title="bbox 759 1093 2203 1176; baseline -0.001 -23"><span class='ocrx_word' id='word_1_34' title='bbox 759 1093 1051 1155; x_wconf 80' lang='lat' dir='ltr'><strong>Parthum</strong></span> <span class='ocrx_word' id='word_1_35' title='bbox 1103 1096 1305 1155; x_wconf 81' lang='lat' dir='ltr'>dicere</span> <span class='ocrx_word' id='word_1_36' title='bbox 1354 1117 1464 1156; x_wconf 88' lang='lat' dir='ltr'>nec</span> <span class='ocrx_word' id='word_1_37' title='bbox 1512 1116 1669 1176; x_wconf 88' lang='lat' dir='ltr'>quae</span> <span class='ocrx_word' id='word_1_38' title='bbox 1717 1097 1862 1157; x_wconf 83' lang='lat' dir='ltr'>nihil</span> <span class='ocrx_word' id='word_1_39' title='bbox 1915 1101 2203 1157; x_wconf 63' lang='lat' dir='ltr'>;.=.fllsin÷÷nt..</span> 
     </span>
    </p>
   </div>
   <div class='ocr_carea' id='block_1_4' title="bbox 548 1235 1871 1562">
    <p class='ocr_par' dir='ltr' id='par_1_8' title="bbox 548 1235 1871 1562">
     <span class='ocr_line' id='line_1_10' title="bbox 548 1235 1643 1316; baseline 0.004 -22"><span class='ocrx_word' id='word_1_40' title='bbox 548 1235 644 1295; x_wconf 89' lang='lat' dir='ltr'>hic</span> <span class='ocrx_word' id='word_1_41' title='bbox 693 1236 899 1295; x_wconf 85' lang='lat' dir='ltr'>vivum</span> <span class='ocrx_word' id='word_1_42' title='bbox 950 1236 1095 1295; x_wconf 89' lang='lat' dir='ltr'>mihi</span> <span class='ocrx_word' id='word_1_43' title='bbox 1144 1237 1495 1316; x_wconf 84' lang='lat' dir='ltr'>caespitem,</span> <span class='ocrx_word' id='word_1_44' title='bbox 1544 1238 1643 1299; x_wconf 87' lang='lat' dir='ltr'>hio</span> 
     </span>
     <span class='ocr_line' id='line_1_11' title="bbox 757 1325 1871 1405; baseline 0.003 -23"><span class='ocrx_word' id='word_1_45' title='bbox 757 1325 1075 1398; x_wconf 76' lang='lat' dir='ltr'>verbenae,</span> <span class='ocrx_word' id='word_1_46' title='bbox 1126 1326 1315 1404; x_wconf 89' lang='lat' dir='ltr'>pueri,</span> <span class='ocrx_word' id='word_1_47' title='bbox 1364 1326 1569 1405; x_wconf 89' lang='lat' dir='ltr'>ponite</span> <span class='ocrx_word' id='word_1_48' title='bbox 1617 1333 1871 1405; x_wconf 71' lang='lat' dir='ltr'>turaqm¹</span> 
     </span>
     <span class='ocr_line' id='line_1_12' title="bbox 549 1412 1356 1492; baseline 0 -21"><span class='ocrx_word' id='word_1_49' title='bbox 549 1412 689 1471; x_wconf 91' lang='lat' dir='ltr'>bimi</span> <span class='ocrx_word' id='word_1_50' title='bbox 739 1431 874 1471; x_wconf 91' lang='lat' dir='ltr'>cum</span> <span class='ocrx_word' id='word_1_51' title='bbox 920 1420 1132 1492; x_wconf 87' lang='lat' dir='ltr'>patera</span> <span class='ocrx_word' id='word_1_52' title='bbox 1182 1415 1356 1472; x_wconf 78' lang='lat' dir='ltr'>meri!</span> 
     </span>
     <span class='ocr_line' id='line_1_13' title="bbox 760 1502 1779 1562; baseline 0.003 -4"><span class='ocrx_word' id='word_1_53' title='bbox 760 1506 1023 1561; x_wconf 83' lang='lat' dir='ltr'>mactata</span> <span class='ocrx_word' id='word_1_54' title='bbox 1072 1504 1276 1561; x_wconf 83' lang='lat' dir='ltr'>veniet</span> <span class='ocrx_word' id='word_1_55' title='bbox 1322 1502 1517 1561; x_wconf 88' lang='lat' dir='ltr'>lenior</span> <span class='ocrx_word' id='word_1_56' title='bbox 1563 1502 1779 1562; x_wconf 82' lang='lat' dir='ltr'>hostia.</span> 
     </span>
    </p>
   </div>
   <div class='ocr_carea' id='block_1_5' title="bbox 1256 1699 1408 1769">
    <p class='ocr_par' dir='ltr' id='par_1_9' title="bbox 1256 1699 1408 1769">
     <span class='ocr_line' id='line_1_14' title="bbox 1256 1699 1408 1769; baseline 0.007 -1"><span class='ocrx_word' id='word_1_57' title='bbox 1256 1699 1408 1769; x_wconf 88' lang='lat' dir='ltr'>XX.</span> 
     </span>
    </p>
   </div>
   <div class='ocr_carea' id='block_1_6' title="bbox 655 1833 2019 2181">
    <p class='ocr_par' dir='ltr' id='par_1_10' title="bbox 655 1833 2019 2086">
     <span class='ocr_line' id='line_1_15' title="bbox 661 1833 1719 1915; baseline 0.002 -23"><span class='ocrx_word' id='word_1_58' title='bbox 661 1833 800 1893; x_wconf 87' lang='lat' dir='ltr'>Vile</span> <span class='ocrx_word' id='word_1_59' title='bbox 848 1836 1082 1915; x_wconf 90' lang='lat' dir='ltr'>potabis</span> <span class='ocrx_word' id='word_1_60' title='bbox 1129 1836 1381 1896; x_wconf 90' lang='lat' dir='ltr'>modicis</span> <span class='ocrx_word' id='word_1_61' title='bbox 1430 1836 1719 1896; x_wconf 86' lang='lat' dir='ltr'>Sabinum</span> 
     </span>
     <span class='ocr_line' id='line_1_16' title="bbox 655 1923 2019 2004; baseline -0.001 -23"><span class='ocrx_word' id='word_1_62' title='bbox 655 1924 980 1997; x_wconf 79' lang='lat' dir='ltr'>cantharis,</span> <span class='ocrx_word' id='word_1_63' title='bbox 1029 1923 1269 1984; x_wconf 88' lang='lat' dir='ltr'>Graeca</span> <span class='ocrx_word' id='word_1_64' title='bbox 1314 1926 1471 2003; x_wconf 90' lang='lat' dir='ltr'>quod</span> <span class='ocrx_word' id='word_1_65' title='bbox 1522 1944 1637 2003; x_wconf 85' lang='lat' dir='ltr'>ego</span> <span class='ocrx_word' id='word_1_66' title='bbox 1687 1926 1815 2004; x_wconf 77' lang='lat' dir='ltr'>ipse</span> <span class='ocrx_word' id='word_1_67' title='bbox 1867 1933 2019 1981; x_wconf 45' lang='lat' dir='ltr'>[eslii.</span> 
     </span>
     <span class='ocr_line' id='line_1_17' title="bbox 657 2012 1762 2086; baseline 0.001 -15"><span class='ocrx_word' id='word_1_68' title='bbox 657 2012 961 2071; x_wconf 88' lang='lat' dir='ltr'>conditum</span> <span class='ocrx_word' id='word_1_69' title='bbox 1010 2013 1149 2086; x_wconf 89' lang='lat' dir='ltr'>levi,</span> <span class='ocrx_word' id='word_1_70' title='bbox 1200 2015 1377 2072; x_wconf 88' lang='lat' dir='ltr'>datus</span> <span class='ocrx_word' id='word_1_71' title='bbox 1428 2014 1484 2072; x_wconf 91' lang='lat' dir='ltr'>in</span> <span class='ocrx_word' id='word_1_72' title='bbox 1532 2014 1762 2073; x_wconf 85' lang='lat' dir='ltr'>theatro</span> 
     </span>
    </p>

    <p class='ocr_par' dir='ltr' id='par_1_11' title="bbox 866 2100 1473 2181">
     <span class='ocr_line' id='line_1_18' title="bbox 866 2100 1473 2181; baseline 0.002 -23"><span class='ocrx_word' id='word_1_73' title='bbox 866 2118 999 2159; x_wconf 90' lang='lat' dir='ltr'>cum</span> <span class='ocrx_word' id='word_1_74' title='bbox 1049 2100 1157 2159; x_wconf 90' lang='lat' dir='ltr'>tibi</span> <span class='ocrx_word' id='word_1_75' title='bbox 1206 2101 1473 2181; x_wconf 75' lang='lat' dir='ltr'>plausuS,</span> 
     </span>
    </p>
   </div>
   <div class='ocr_carea' id='block_1_7' title="bbox 653 2241 1823 2586">
    <p class='ocr_par' dir='ltr' id='par_1_12' title="bbox 656 2241 1823 2321">
     <span class='ocr_line' id='line_1_19' title="bbox 656 2241 1823 2321; baseline -0.002 -22"><span class='ocrx_word' id='word_1_76' title='bbox 656 2259 796 2300; x_wconf 85' lang='lat' dir='ltr'>care</span> <span class='ocrx_word' id='word_1_77' title='bbox 846 2241 1174 2301; x_wconf 84' lang='lat' dir='ltr'>Maecenas</span> <span class='ocrx_word' id='word_1_78' title='bbox 1222 2261 1430 2320; x_wconf 91' lang='lat' dir='ltr'>eques,</span> <span class='ocrx_word' id='word_1_79' title='bbox 1478 2246 1547 2300; x_wconf 91' lang='lat' dir='ltr'>ut</span> <span class='ocrx_word' id='word_1_80' title='bbox 1592 2245 1823 2321; x_wconf 82' lang='lat' dir='ltr'>paterni</span> 
     </span>
    </p>

    <p class='ocr_par' dir='ltr' id='par_1_13' title="bbox 653 2328 1715 2409">
     <span class='ocr_line' id='line_1_20' title="bbox 653 2328 1715 2409; baseline 0.002 -22"><span class='ocrx_word' id='word_1_81' title='bbox 653 2328 913 2388; x_wconf 88' lang='lat' dir='ltr'>fluminis</span> <span class='ocrx_word' id='word_1_82' title='bbox 960 2330 1129 2409; x_wconf 85' lang='lat' dir='ltr'>ripae</span> <span class='ocrx_word' id='word_1_83' title='bbox 1178 2329 1357 2389; x_wconf 90' lang='lat' dir='ltr'>simul</span> <span class='ocrx_word' id='word_1_84' title='bbox 1406 2335 1467 2389; x_wconf 89' lang='lat' dir='ltr'>et</span> <span class='ocrx_word' id='word_1_85' title='bbox 1513 2330 1715 2389; x_wconf 87' lang='lat' dir='ltr'>iocosa</span> 
     </span>
    </p>

    <p class='ocr_par' dir='ltr' id='par_1_14' title="bbox 654 2417 1694 2586">
     <span class='ocr_line' id='line_1_21' title="bbox 654 2417 1694 2479; baseline -0.001 -2"><span class='ocrx_word' id='word_1_86' title='bbox 654 2417 949 2478; x_wconf 88' lang='lat' dir='ltr'>redderet</span> <span class='ocrx_word' id='word_1_87' title='bbox 995 2418 1209 2478; x_wconf 86' lang='lat' dir='ltr'>laudes</span> <span class='ocrx_word' id='word_1_88' title='bbox 1258 2418 1365 2478; x_wconf 89' lang='lat' dir='ltr'>tibi</span> <span class='ocrx_word' id='word_1_89' title='bbox 1418 2418 1694 2479; x_wconf 88' lang='lat' dir='ltr'>Vaticani</span> 
     </span>
     <span class='ocr_line' id='line_1_22' title="bbox 864 2507 1345 2586; baseline 0.002 -21"><span class='ocrx_word' id='word_1_90' title='bbox 864 2507 1083 2566; x_wconf 89' lang='lat' dir='ltr'>montis</span> <span class='ocrx_word' id='word_1_91' title='bbox 1129 2507 1345 2586; x_wconf 76' lang='lat' dir='ltr'>imago,</span> 
     </span>
    </p>
   </div>
   <div class='ocr_carea' id='block_1_8' title="bbox 655 2644 1927 2992">
    <p class='ocr_par' dir='ltr' id='par_1_15' title="bbox 655 2644 1927 2728">
     <span class='ocr_line' id='line_1_23' title="bbox 655 2644 1927 2728; baseline -0.002 -20"><span class='ocrx_word' id='word_1_92' title='bbox 655 2644 998 2708; x_wconf 84' lang='lat' dir='ltr'>Caecubum</span> <span class='ocrx_word' id='word_1_93' title='bbox 1044 2655 1107 2707; x_wconf 89' lang='lat' dir='ltr'>et</span> <span class='ocrx_word' id='word_1_94' title='bbox 1148 2649 1319 2728; x_wconf 87' lang='lat' dir='ltr'>prelo</span> <span class='ocrx_word' id='word_1_95' title='bbox 1368 2648 1653 2708; x_wconf 86' lang='lat' dir='ltr'><strong>domitam</strong></span> <span class='ocrx_word' id='word_1_96' title='bbox 1703 2646 1927 2709; x_wconf 64' lang='lat' dir='ltr'>Caleni]</span> 
     </span>
    </p>

    <p class='ocr_par' dir='ltr' id='par_1_16' title="bbox 655 2736 1887 2796">
     <span class='ocr_line' id='line_1_24' title="bbox 655 2736 1887 2796; baseline -0.001 -1"><span class='ocrx_word' id='word_1_97' title='bbox 655 2740 721 2795; x_wconf 93' lang='lat' dir='ltr'>tu</span> <span class='ocrx_word' id='word_1_98' title='bbox 769 2736 938 2795; x_wconf 80' lang='lat' dir='ltr'>bibes</span> <span class='ocrx_word' id='word_1_99' title='bbox 987 2755 1196 2795; x_wconf 88' lang='lat' dir='ltr'>uvam:</span> <span class='ocrx_word' id='word_1_100' title='bbox 1246 2754 1381 2795; x_wconf 89' lang='lat' dir='ltr'>mea</span> <span class='ocrx_word' id='word_1_101' title='bbox 1428 2756 1540 2796; x_wconf 88' lang='lat' dir='ltr'>neo</span> <span class='ocrx_word' id='word_1_102' title='bbox 1591 2736 1887 2796; x_wconf 54' lang='lat' dir='ltr'>Falernae</span> 
     </span>
    </p>

    <p class='ocr_par' dir='ltr' id='par_1_17' title="bbox 655 2824 1807 2992">
     <span class='ocr_line' id='line_1_25' title="bbox 655 2824 1807 2903; baseline -0.001 -20"><span class='ocrx_word' id='word_1_103' title='bbox 655 2827 1001 2903; x_wconf 87' lang='lat' dir='ltr'>temperant</span> <span class='ocrx_word' id='word_1_104' title='bbox 1046 2825 1207 2884; x_wconf 82' lang='lat' dir='ltr'>vites</span> <span class='ocrx_word' id='word_1_105' title='bbox 1253 2845 1452 2902; x_wconf 86' lang='lat' dir='ltr'>neque</span> <span class='ocrx_word' id='word_1_106' title='bbox 1502 2824 1807 2884; x_wconf 83' lang='lat' dir='ltr'>Formiani</span> 
     </span>
     <span class='ocr_line' id='line_1_26' title="bbox 863 2911 1637 2992; baseline -0.001 -21"><span class='ocrx_word' id='word_1_107' title='bbox 863 2913 1077 2992; x_wconf 89' lang='lat' dir='ltr'>pocula</span> <span class='ocrx_word' id='word_1_108' title='bbox 1124 2911 1324 2972; x_wconf 79' lang='lat' dir='ltr'>colles,</span> <span class='ocrx_word' id='word_1_109' title='bbox 1634 2913 1637 2917; x_wconf 79' lang='grc'><strong>’</strong></span> 
     </span>
    </p>
   </div>
   <div class='ocr_carea' id='block_1_9' title="bbox 1247 3129 1436 3199">
    <p class='ocr_par' dir='ltr' id='par_1_18' title="bbox 1247 3129 1436 3199">
     <span class='ocr_line' id='line_1_27' title="bbox 1247 3129 1436 3199; baseline 0.005 -1"><span class='ocrx_word' id='word_1_110' title='bbox 1247 3129 1436 3199; x_wconf 87' lang='grc' dir='ltr'><strong>ΧΧΙ.</strong></span> 
     </span>
    </p>
   </div>
   <div class='ocr_carea' id='block_1_10' title="bbox 657 3263 1823 3609">
    <p class='ocr_par' dir='ltr' id='par_1_19' title="bbox 657 3263 1823 3609">
     <span class='ocr_line' id='line_1_28' title="bbox 658 3263 1787 3344; baseline 0.002 -22"><span class='ocrx_word' id='word_1_111' title='bbox 658 3263 913 3323; x_wconf 80' lang='lat' dir='ltr'><strong>Dianam</strong></span> <span class='ocrx_word' id='word_1_112' title='bbox 964 3270 1215 3325; x_wconf 88' lang='lat' dir='ltr'>tenerae</span> <span class='ocrx_word' id='word_1_113' title='bbox 1266 3264 1446 3325; x_wconf 87' lang='lat' dir='ltr'>dicite</span> <span class='ocrx_word' id='word_1_114' title='bbox 1496 3265 1787 3344; x_wconf 73' lang='lat' dir='ltr'>virginee,</span> 
     </span>
     <span class='ocr_line' id='line_1_29' title="bbox 657 3351 1823 3434; baseline 0 -24"><span class='ocrx_word' id='word_1_115' title='bbox 657 3351 978 3427; x_wconf 87' lang='lat' dir='ltr'>intonsum,</span> <span class='ocrx_word' id='word_1_116' title='bbox 1027 3353 1216 3432; x_wconf 89' lang='lat' dir='ltr'>pueri,</span> <span class='ocrx_word' id='word_1_117' title='bbox 1266 3353 1447 3413; x_wconf 86' lang='lat' dir='ltr'>dicite</span> <span class='ocrx_word' id='word_1_118' title='bbox 1496 3352 1823 3434; x_wconf 79' lang='lat' dir='ltr'>Cynthium</span> 
     </span>
     <span class='ocr_line' id='line_1_30' title="bbox 766 3439 1511 3521; baseline 0.003 -21"><span class='ocrx_word' id='word_1_119' title='bbox 766 3439 1180 3520; x_wconf 86' lang='lat' dir='ltr'>Latonamque</span> <span class='ocrx_word' id='word_1_120' title='bbox 1229 3460 1511 3521; x_wconf 83' lang='lat' dir='ltr'>supremo</span> 
     </span>
     <span class='ocr_line' id='line_1_31' title="bbox 868 3528 1639 3609; baseline 0.003 -21"><span class='ocrx_word' id='word_1_121' title='bbox 868 3528 1147 3589; x_wconf 87' lang='lat' dir='ltr'>dilectam</span> <span class='ocrx_word' id='word_1_122' title='bbox 1196 3530 1440 3609; x_wconf 88' lang='lat' dir='ltr'>penitus</span> <span class='ocrx_word' id='word_1_123' title='bbox 1487 3529 1639 3590; x_wconf 81' lang='lat' dir='ltr'>Iovi.</span> 
     </span>
    </p>
   </div>
   <div class='ocr_carea' id='block_1_11' title="bbox 656 3670 2107 4013">
    <p class='ocr_par' dir='ltr' id='par_1_20' title="bbox 656 3670 2107 4013">
     <span class='ocr_line' id='line_1_32' title="bbox 656 3670 1987 3738; baseline 0.002 -10"><span class='ocrx_word' id='word_1_124' title='bbox 656 3688 766 3729; x_wconf 82' lang='lat' dir='ltr'>vos</span> <span class='ocrx_word' id='word_1_125' title='bbox 812 3670 1033 3730; x_wconf 88' lang='lat' dir='ltr'>laetam</span> <span class='ocrx_word' id='word_1_126' title='bbox 1081 3670 1285 3730; x_wconf 86' lang='lat' dir='ltr'>fluviis</span> <span class='ocrx_word' id='word_1_127' title='bbox 1334 3675 1396 3730; x_wconf 88' lang='lat' dir='ltr'>et</span> <span class='ocrx_word' id='word_1_128' title='bbox 1443 3689 1754 3731; x_wconf 88' lang='lat' dir='ltr'>nemorum</span> <span class='ocrx_word' id='word_1_129' title='bbox 1803 3690 1987 3738; x_wconf 60' lang='grc' dir='ltr'>ωηῃει,</span> 
     </span>
     <span class='ocr_line' id='line_1_33' title="bbox 657 3759 2107 3838; baseline 0.001 -22"><span class='ocrx_word' id='word_1_130' title='bbox 657 3776 1074 3837; x_wconf 87' lang='lat' dir='ltr'>quaecumque</span> <span class='ocrx_word' id='word_1_131' title='bbox 1121 3767 1226 3818; x_wconf 86' lang='lat' dir='ltr'>aut</span> <span class='ocrx_word' id='word_1_132' title='bbox 1270 3760 1474 3837; x_wconf 85' lang='lat' dir='ltr'>gelido</span> <span class='ocrx_word' id='word_1_133' title='bbox 1521 3759 1819 3838; x_wconf 83' lang='lat' dir='ltr'>prominet</span> <span class='ocrx_word' id='word_1_134' title='bbox 1867 3762 2107 3837; x_wconf 58' lang='lat' dir='ltr'>Algi-ln.</span> 
     </span>
     <span class='ocr_line' id='line_1_34' title="bbox 765 3845 1543 3927; baseline 0.001 -23"><span class='ocrx_word' id='word_1_135' title='bbox 765 3845 958 3924; x_wconf 86' lang='lat' dir='ltr'>nigris</span> <span class='ocrx_word' id='word_1_136' title='bbox 1006 3853 1110 3906; x_wconf 90' lang='lat' dir='ltr'>aut</span> <span class='ocrx_word' id='word_1_137' title='bbox 1158 3846 1543 3927; x_wconf 84' lang='lat' dir='ltr'>Erymanthi,</span> 
     </span>
     <span class='ocr_line' id='line_1_35' title="bbox 867 3932 1703 4013; baseline 0.002 -21"><span class='ocrx_word' id='word_1_138' title='bbox 867 3934 1039 3993; x_wconf 86' lang='lat' dir='ltr'>silvis</span> <span class='ocrx_word' id='word_1_139' title='bbox 1088 3938 1193 3994; x_wconf 91' lang='lat' dir='ltr'>aut</span> <span class='ocrx_word' id='word_1_140' title='bbox 1239 3935 1453 3994; x_wconf 86' lang='lat' dir='ltr'>viridis</span> <span class='ocrx_word' id='word_1_141' title='bbox 1502 3932 1703 4013; x_wconf 82' lang='lat' dir='ltr'>Gragi.</span> 
     </span>
    </p>
   </div>
   <div class='ocr_carea' id='block_1_12' title="bbox 643 4068 1915 4422">
    <p class='ocr_par' dir='ltr' id='par_1_21' title="bbox 643 4068 1915 4422">
     <span class='ocr_line' id='line_1_36' title="bbox 643 4068 1903 4154; baseline 0 -22"><span class='ocrx_word' id='word_1_142' title='bbox 643 4068 765 4133; x_wconf 68' lang='lat' dir='ltr'>¹vos</span> <span class='ocrx_word' id='word_1_143' title='bbox 813 4074 1040 4154; x_wconf 84' lang='lat' dir='ltr'>Tempe</span> <span class='ocrx_word' id='word_1_144' title='bbox 1089 4075 1336 4135; x_wconf 89' lang='lat' dir='ltr'>totidem</span> <span class='ocrx_word' id='word_1_145' title='bbox 1386 4075 1580 4136; x_wconf 92' lang='lat' dir='ltr'>tollite</span> <span class='ocrx_word' id='word_1_146' title='bbox 1627 4075 1903 4135; x_wconf 49' lang='lat' dir='ltr'>laudibus</span> 
     </span>
     <span class='ocr_line' id='line_1_37' title="bbox 654 4163 1915 4244; baseline 0 -22"><span class='ocrx_word' id='word_1_147' title='bbox 654 4163 1058 4242; x_wconf 89' lang='lat' dir='ltr'>natalemque,</span> <span class='ocrx_word' id='word_1_148' title='bbox 1107 4183 1323 4238; x_wconf 77' lang='lat' dir='ltr'>marce,</span> <span class='ocrx_word' id='word_1_149' title='bbox 1372 4165 1565 4223; x_wconf 90' lang='lat' dir='ltr'>Delon</span> <span class='ocrx_word' id='word_1_150' title='bbox 1618 4163 1915 4244; x_wconf 61' lang='lat' dir='ltr'>Apollinis</span> 
     </span>
     <span class='ocr_line' id='line_1_38' title="bbox 763 4251 1525 4332; baseline 0.003 -22"><span class='ocrx_word' id='word_1_151' title='bbox 763 4251 1188 4331; x_wconf 82' lang='lat' dir='ltr'>insignemque</span> <span class='ocrx_word' id='word_1_152' title='bbox 1233 4253 1525 4332; x_wconf 87' lang='lat' dir='ltr'>pharetra</span> 
     </span>
     <span class='ocr_line' id='line_1_39' title="bbox 865 4340 1779 4422; baseline 0 -24"><span class='ocrx_word' id='word_1_153' title='bbox 865 4341 1259 4419; x_wconf 88' lang='lat' dir='ltr'>fraternaque</span> <span class='ocrx_word' id='word_1_154' title='bbox 1304 4361 1580 4401; x_wconf 87' lang='lat' dir='ltr'>umerum</span> <span class='ocrx_word' id='word_1_155' title='bbox 1627 4340 1779 4422; x_wconf 78' lang='lat' dir='ltr'>lyra.</span> 
     </span>
    </p>
   </div>
   <div class='ocr_carea' id='block_1_13' title="bbox 2371 257 2444 313">
    <p class='ocr_par' dir='ltr' id='par_1_22' title="bbox 2371 257 2444 313">
     <span class='ocr_line' id='line_1_40' title="bbox 2371 257 2444 313; baseline -0.014 -1"><span class='ocrx_word' id='word_1_156' title='bbox 2371 257 2444 313; x_wconf 63' lang='lat' dir='ltr'>ln</span> 
     </span>
    </p>
   </div>
   <div class='ocr_carea' id='block_1_14' title="bbox 2456 1513 2516 1557">
    <p class='ocr_par' dir='ltr' id='par_1_23' title="bbox 2456 1513 2516 1557">
     <span class='ocr_line' id='line_1_41' title="bbox 2456 1513 2516 1557; baseline 0 0"><span class='ocrx_word' id='word_1_157' title='bbox 2456 1513 2516 1557; x_wconf 70' lang='lat' dir='ltr'>lii</span> 
     </span>
    </p>
   </div>
   <div class='ocr_carea' id='block_1_15' title="bbox 2452 4350 2512 4394">
    <p class='ocr_par' dir='ltr' id='par_1_24' title="bbox 2452 4350 2512 4394">
     <span class='ocr_line' id='line_1_42' title="bbox 2452 4350 2512 4394; baseline 0 0"><span class='ocrx_word' id='word_1_158' title='bbox 2452 4350 2512 4394; x_wconf 67' lang='lat'>12</span> 
     </span>
    </p>
   </div>
  </div>
 </body>
</html>
