3059 4850
489 2046 549 2094 1ss

1403 268 1644 313 HORAT!
1676 268 2013 312 cummim

1575 420 1835 490 XXIII.

1129 555 1314 619 Caelo
1362 557 1612 638 supinas
1657 557 1708 616 si
1756 556 1973 618 tuleris
2019 577 2235 618 manus

1123 652 1418 706 nascente
1466 645 1628 719 luna,
1678 645 1909 705 rustica
1954 644 2235 725 Phidyle,

1214 734 1265 793 si
1314 738 1453 793 ture
1502 733 1765 813 placaris
1813 742 1876 793 et
1924 733 2115 794 horna

1301 822 1480 900 fruge
1526 820 1707 881 Lari's
1737 822 2060 902 avidaque
2107 840 2312 902 porca,

1122 981 1235 1023 nec
1284 962 1670 1042 pestilentem
1722 962 1950 1022 sentiet
1997 962 2272 1023 Africum

1122 1051 1387 1111 fecunda
1432 1050 1576 1109 vitis
1622 1069 1735 1111 nec
1781 1051 2055 1110 sterilem
2101 1070 2282 1130 seges

1210 1138 1549 1217 robiginem
1596 1145 1703 1199 aut
1748 1139 1960 1200 dulces
2007 1139 2231 1199 alumni

1299 1227 1592 1307 pomifero
1642 1246 1834 1305 grave
1883 1232 2123 1307 tempus
2170 1215 2342 1287 anno.

1123 1387 1263 1428 nam
1310 1386 1468 1446 quae
1515 1367 1704 1427 nivali
1752 1368 2021 1448 pascitur
2068 1368 2301 1448 Algido

1125 1457 1351 1516 devota
1396 1473 1657 1534 quercus
1706 1456 1864 1515 inter
1911 1463 1974 1514 et
2020 1455 2192 1515 ilices

1213 1555 1320 1603 aut
1365 1544 1588 1604 crescit
1636 1543 1892 1604 Albanis
1938 1543 1999 1603 in
2047 1544 2253 1604 herbis

1304 1631 1562 1706 victima,
1609 1631 1957 1712 pontificum
2005 1643 2241 1692 securis

1123 1771 1362 1832 cervice
1405 1772 1681 1850 tinguet3
1730 1781 1791 1831 te
1837 1771 1984 1832 nihil
2034 1772 2270 1833 adtinet

1119 1865 1424 1940 temptare
1471 1860 1663 1920 multa
1710 1861 1899 1920 caede
1947 1860 2279 1921 bidentium

1208 1967 1432 2029 parvos
1480 1954 1865 2009 coronantem
1912 1948 2142 2009 marino

1298 2055 1433 2097 rore
1482 2036 1629 2097 deos
1674 2035 2002 2116 fragilique
2049 2042 2269 2118 myrto,

1118 2177 1382 2237 inmunis
1429 2196 1598 2237 aram
1645 2177 1697 2236 si
1745 2177 1947 2256 tetigit
1993 2197 2226 2252 manus,

1118 2284 1239 2326 non
1287 2275 1646 2346 sumptuosa
1688 2264 1971 2326 blandior
2016 2268 2233 2339 hostia,

1208 2353 1468 2414 mollivit
1512 2372 1764 2413 aversos
1809 2353 2060 2415 Penatis

1295 2444 1459 2503 farre
1507 2444 1605 2524 pio
1652 2452 1713 2503 et
1760 2442 2015 2503 saliente
2060 2443 2233 2503 mica.

1568 2709 1821 2779 XXIV.

805 2845 1059 2906 intactis
1106 2846 1449 2926 opulentior

976 2933 1285 2995 thesauris
1335 2935 1602 2994 Arabum
1650 2941 1714 2992 et
1759 2887 1970 2993 divitis
2016 2932 2231 2995 Indiae

801 3022 1127 3083 caementis
1172 3023 1314 3082 licet
1360 3041 1622 3103 occupes

975 3109 1362 3191 Tyrrhenum
1411 3129 1589 3170 omne
1639 3109 1759 3170 tuis
1807 3118 1868 3169 et
1912 3129 2080 3170 mare
2128 3110 2474 3191 Apulicum‚

801 3255 845 3311 si
897 3250 1029 3331 figit
1075 3251 1492 3312 adamantinos

971 3340 1224 3400 summis
1269 3338 1603 3399 verticibus
1652 3338 1786 3398 dira
1831 3338 2183 3401 Necessitas

797 3431 1019 3502 slavos,
1065 3447 1186 3488 non
1234 3428 1496 3487 animum
1543 3432 1731 3499 metu,

971 3535 1090 3577 non
1134 3512 1349 3577 mortis
1396 3514 1630 3594 laqueis
1677 3515 1974 3596 expedies
2021 3521 2217 3596 caput.

793 3662 1169 3739 campestres
1215 3657 1432 3718 melius
1477 3654 1769 3735 Scythae,

967 3764 1227 3825 quorum
1273 3745 1552 3825 plaustra
1596 3763 1792 3823 vagas
1836 3744 1954 3805 rite
2002 3744 2247 3804 trahunt
2293 3745 2528 3821 domos,

797 3839 1011 3895 vivunt
1054 3840 1118 3895 et
1163 3833 1345 3912 rigidi
1393 3830 1612 3904 Getae,

965 3922 1260 3983 inmetata
1305 3920 1527 3999 quibus
1575 3920 1791 3999 iugera
1839 3920 2061 3980 liberas

789 4071 1000 4143 fruges
1047 4068 1111 4125 et
1156 4061 1446 4125 Cererem
1492 4060 1701 4120 ferunt

965 4171 1079 4213 nec
1124 4151 1369 4212 cultura
1412 4148 1617 4228 placet
1659 4147 1900 4226 longior
1943 4165 2143 4207 annua

793 4243 1261 4319 defunctumque
1308 4237 1620 4298 laboribus

962 4327 1205 4409 aequali
1251 4331 1496 4387 recreat
1540 4328 1702 4384 sorte
1750 4322 2030 4383 vicarius.
