3059 4850
614 246 694 308 12

513 1514 573 1558 lii·

505 1926 569 1962 ’.ΞΗ

505 3531 569 3579 315

1409 277 1651 320 HORATi
1679 276 2019 322 CARMINUM

995 423 1237 484 Nereus
1283 425 1434 485 fata:
1483 424 1682 497 „mala
1729 424 1900 484 ducis
1950 424 2049 484 avi
2101 425 2361 499 domum,

996 530 1176 591 quam
1223 512 1413 572 multo
1458 518 1701 592 repetet
1746 510 2011 574 Graecia
2055 513 2273 586 milite,

997 600 1312 660 coniurata
1355 604 1494 661 tuas
1544 619 1828 680 rumpere
1876 601 2119 681 nuptias

1207 692 1272 748 et
1315 707 1574 767 regnum
1621 688 1846 748 Priami
1893 695 2089 750 vetus.

995 829 1170 904 eheu,
1221 834 1481 908 quantus
1528 829 1720 908 equiS,
1768 834 2031 908 quantus
2078 830 2257 890 adest
2301 830 2451 890 viris

995 919 1208 978 sudor!
1255 923 1483 996 quanta
1526 936 1739 977 moves
1787 919 2001 978 funera
2048 918 2373 979 Dardanae

995 1004 1195 1085 genti!
1244 1008 1361 1066 iam
1407 1005 1648 1084 galeam
1696 1005 1901 1067 Pallas
1950 1010 2013 1066 et
2059 1006 2279 1086 aegida

1207 1098 1547 1172 currusque
1593 1101 1657 1154 et
1704 1094 1932 1154 rabiem
1979 1099 2169 1175 parat.

994 1235 1361 1314 nequiquam
1412 1234 1673 1294 Veneris
1719 1235 2024 1314 praesidio
2071 1236 2248 1296 ferox

994 1330 1208 1403 pectes
1255 1322 1585 1383 caesariem
1633 1333 1933 1402 grataque
1981 1324 2222 1383 feminis

996 1411 1207 1471 inbelli
1253 1412 1487 1472 cithara
1536 1412 1804 1472 carmina
1852 1410 2109 1486 divides,

1210 1499 1573 1579 nequiquam
1623 1499 1888 1559 thalamo
1936 1509 2153 1579 grav‘is

994 1641 1205 1701 hastas
1253 1645 1314 1700 et
1360 1640 1576 1701 calami
1624 1640 1861 1721 spicula
1907 1639 2109 1703 Cnosii

997 1729 1216 1789 vitabis
1265 1730 1710 1808 strepitumque
1757 1735 1819 1789 et
1865 1730 2125 1790 celerem
2173 1729 2344 1808 sequi

999 1817 1276 1878 Aiacem:
1325 1823 1547 1891 tamen,
1595 1817 1716 1877 heu
1764 1837 1958 1891 serus,
2005 1818 2316 1878 adulteros

1209 1905 1396 1965 crinis
1442 1906 1701 1985 pulvere
1750 1906 2035 1966 conlines.

997 2064 1115 2105 non
1164 2045 1552 2121 Laertiaden,
1600 2047 1856 2106 exitium
1905 2052 2048 2107 tuae

997 2134 1219 2213 gentis,
1266 2153 1383 2194 non
1432 2134 1677 2215 Pylium
1722 2133 1990 2195 Nestora
2036 2131 2336 2214 respicis?

892 2279 898 2287 .
995 2228 1262 2302 urguent
1307 2223 1581 2303 inpavidi
1632 2231 1688 2282 te
1738 2222 2102 2284 Salaminius

1208 2310 1462 2385 Teucer,
1512 2319 1573 2370 te
1622 2311 1949 2371 Sthenelus
1996 2311 2197 2372 sciens

993 2470 1258 2533 pugnae,
1307 2452 1439 2511 sive
1487 2472 1639 2532 opus
1686 2460 1781 2511 est
1826 2453 2177 2532 imperitare
2224 2452 2417 2531 equis,

992 2559 1111 2599 non
1160 2540 1374 2618 auriga
1419 2540 1616 2620 piger.
1710 2539 2027 2599 Merionen
2076 2559 2319 2619 quoque

992 2647 1228 2691 nosces,
1277 2647 1418 2689 ecce
1464 2629 1611 2688 furit
1655 2636 1719 2689 te
1765 2629 2035 2709 reperire
2081 2633 2262 2690 atrox

1207 2715 1483 2797 Tydides
1529 2716 1745 2777 melior
1790 2726 1993 2797 patre:

993 2876 1172 2936 quem
1221 2860 1306 2931 tu,
1353 2877 1575 2918 cervus
1623 2858 1709 2918 uti
1756 2858 1937 2918 vallis
1985 2858 2046 2917 in
2096 2859 2288 2919 altera

995 2945 1191 3004 visum
1242 2953 1414 3025 parte
1463 2946 1671 3025 lupum
1719 2946 2011 3024 graminis
2058 2946 2371 3020 inmemor,

993 3033 1235 3094 sublimi
1284 3033 1483 3111 fugies
1528 3034 1730 3094 mollis
1778 3034 2070 3109 anhelitu,

1207 3140 1326 3180 non
1376 3123 1486 3181 hoc
1533 3119 1838 3201 pollicitus
1886 3128 2045 3183 tuae.

994 3262 1286 3322 iracunda
1331 3260 1486 3321 diem
1537 3262 1808 3342 proferet
1851 3262 1967 3323 Ilio

993 3350 1407 3428 matronisque
1457 3349 1775 3430 Phrygum
1822 3352 2037 3412 classis
2086 3350 2377 3411 Achillei:
2429 3374 2439 3388 ⁸

993 3448 1132 3519 post
1178 3444 1378 3500 certas
1428 3438 1656 3499 hiemes
1702 3446 1844 3499 uret
1892 3440 2195 3501 Achaicus

1206 3526 1366 3604 ignis
1411 3526 1634 3588 Iliacas
1684 3529 1949 3588 domOS.“

1621 3898 1809 3969 XVI.

1034 4066 1086 4129 O
1134 4076 1328 4130 matre
1376 4070 1630 4149 pulchra
1677 4070 1800 4131 filia
1846 4071 2171 4151 pulchrior,

1033 4175 1215 4235 quem
1261 4158 1596 4218 criminosis
1644 4178 1901 4238 cumque
1947 4159 2117 4218 voles
2163 4161 2407 4220 modum

1143 4265 1334 4326 pones
1381 4246 1614 4319 iambis,
1662 4248 1794 4307 sive
1841 4248 2081 4308 flamma

1243 4334 1374 4394 sive
1420 4335 1570 4395 mari
1619 4336 1767 4396 libet
1816 4335 2146 4396 Hadriano,

2983 2062 3000 2175 ..Ι-ΙΙ
