3059 4850
1191 240 1310 286 LIB.
1340 242 1376 287 1.
1406 246 1644 282 xn—xv.

632 406 789 462 uror,
840 407 944 446 seu
995 388 1102 447 tibi
1150 389 1438 448 candidos

841 482 1168 556 turparunt
1210 496 1454 536 umeros
1503 477 1840 539 inmodicae
1890 499 2054 540 mero

630 562 802 623 rixae
849 564 980 623 sive
1028 585 1182 644 puer
1228 566 1436 624 furens

837 653 1129 732 inpressit
1174 673 1498 713 memorem
1550 654 1733 713 dente
1786 656 1971 716 labris
2022 662 2243 719 notam.

630 811 765 866 non,
813 793 864 852 si
909 813 1005 852 me
1054 794 1206 855 satis
1252 793 1485 869 audias,

839 900 1051 961 speres
1101 890 1460 962 perpetuum
1512 883 1715 944 dulcia
1762 885 2019 944 barbare

628 967 976 1029 laedentem
1023 970 1248 1044 oscula,
1297 990 1455 1050 quae
1513 971 1716 1030 Venus

838 1057 1048 1136 quinta
1095 1063 1270 1137 parte
1319 1059 1409 1117 sui
1460 1060 1724 1120 nectaris
1774 1059 1982 1121 inbuit.

626 1197 836 1258 felices
885 1205 980 1257 ter
1027 1205 1090 1260 et
1135 1199 1412 1279 amplius,

837 1306 986 1364 quos
1034 1288 1278 1367 inrupta
1324 1295 1491 1347 tenet
1540 1290 1755 1368 copula
1803 1309 1911 1348 nee
1961 1290 2133 1350 malis

629 1375 898 1435 divolsus
948 1376 1336 1454 querimoniis

838 1482 1122 1543 suprema
1169 1464 1346 1524 eitius
1394 1463 1596 1524 solvet
1641 1483 1806 1525 amor
1855 1466 1969 1527 die.

1322 1662 1510 1732 XlV.

731 1797 781 1860 Ο
833 1799 1024 1871 naviS,
1075 1799 1343 1857 referent
1392 1799 1452 1857 in
1499 1818 1667 1859 mare
1716 1805 1777 1858 te
1825 1801 1963 1859 novi

729 1886 982 1946 fluetus!
1031 1906 1063 1946 o
1113 1888 1257 1965 quid
1308 1887 1482 1964 agis?
1531 1888 1769 1948 fortiter
1816 1908 2044 1968 occupa

841 1978 1114 2055 portum!
1164 1995 1363 2035 nonne
1413 1976 1607 2048 vides,
1658 1985 1726 2036 ut

939 2064 1167 2123 nudum
1216 2063 1470 2142 remigio
1521 2063 1681 2123 latus

727 2212 788 2265 et
834 2205 1028 2263 malus
1077 2205 1265 2264 celeri
1313 2204 1556 2263 saueius
1603 2205 1810 2264 Africo

727 2298 1170 2371 antemnaeque
1218 2298 1472 2371 gemant
1519 2312 1593 2353 ae
1639 2293 1771 2352 sine
1821 2293 2064 2352 funibus

839 2381 947 2441 vix
996 2382 1219 2442 durare
1267 2381 1509 2442 carinae

937 2471 1172 2549 possint
1217 2470 1601 2549 imperiosius

724 2612 988 2689 aequor?
1042 2630 1158 2669 non
1208 2612 1314 2671 tibi
1364 2619 1507 2672 sunt
1554 2612 1796 2691 integra
1844 2612 2047 2684 lintea,

723 2719 838 2759 non
889 2700 968 2773 di,
1016 2718 1166 2776 quos
1213 2700 1432 2759 iterum
1479 2719 1695 2779 pressa
1742 2720 1924 2760 voees
1974 2701 2148 2759 malo,

834 2788 1111 2866 quamvis
1161 2787 1405 2848 Pontica
1455 2789 1650 2867 pinne,

933 2876 1126 2935 silvae
1172 2875 1297 2935 filia
1344 2876 1580 2949 nobilis,

723 3014 912 3076 iactes
960 3023 1023 3076 et
1071 3035 1268 3094 genus
1316 3021 1378 3077 et
1426 3036 1643 3077 nomen
1693 3017 1925 3093 inutile,

719 3103 803 3162 nil
851 3104 1026 3182 pictis
1080 3104 1320 3164 timidus
1369 3105 1577 3164 navita
1625 3106 1928 3185 puppibus

827 3191 976 3252 fidit.
1028 3200 1108 3265 tu,
1157 3193 1273 3252 nisi
1323 3194 1521 3252 ventis

933 3280 1119 3340 debes
1169 3282 1512 3354 ludibrium,
1561 3301 1726 3341 eave.

719 3440 912 3499 nuper
960 3420 1285 3481 sollicitum
1335 3440 1493 3501 quae
1544 3422 1685 3481 mihi
1735 3422 2024 3495 taedium,

720 3528 878 3568 nune
927 3509 1293 3568 desiderium
1341 3528 1609 3588 curaque
1656 3530 1773 3569 non
1822 3511 1997 3585 levis,

830 3597 1125 3657 interfusa
1172 3598 1423 3657 nitentis

930 3684 1087 3744 vites
1134 3705 1398 3764 aequora
1445 3683 1767 3765 Cycladas

1322 3900 1474 3971 XV.

716 4035 934 4096 Pastor
980 4056 1115 4096 eum
1164 4038 1435 4098 traheret
1480 4058 1591 4118 per
1637 4039 1798 4099 freta
1847 4042 2104 4100 navibus

715 4123 922 4185 Idaeis
971 4124 1246 4185 Helenen
1298 4126 1568 4206 perfidus
1618 4129 1933 4207 hospitam,

716 4214 960 4291 ingrato
1009 4212 1241 4273 celeres
1289 4215 1491 4275 obruit
1539 4215 1657 4275 otio

926 4309 1160 4374 ventos,
1209 4307 1277 4362 ut
1322 4311 1573 4363 caneret
1620 4305 1748 4363 fera

2452 217 2525 276 11

2528 1478 2596 1522 2⁴2·

2528 2891 2588 2935 12:

2524 3295 2580 3339 113

2512 3699 2584 3743 231]-
