3059 4850
377 599 441 645 45

341 1039 409 1087 ffli

341 1479 405 1527 55

341 1927 409 1970 *zu

349 4080 409 4124 15

1294 267 1820 312 HORATIEPODON

794 414 993 475 reddit
1037 414 1141 473 ubi
1189 411 1475 475 Cererem
1524 416 1709 475 tellus
1753 415 1993 477 inarata
2039 418 2364 497 quotannis

967 505 1029 561 et
1073 504 1350 582 inputata
1396 503 1574 563 floret
1619 524 1814 583 usque
1862 505 2058 578 vinea,

794 591 1093 667 germinat
1139 597 1203 651 et
1250 610 1578 669 numquam
1625 592 1896 652 fallentis
1943 597 2169 653 termes
2216 594 2415 654 olivae

966 698 1257 758 suamque
1305 680 1473 759 pulla
1519 678 1670 740 ficus
1718 688 1896 741 ornat
1941 683 2237 756 arborem,

794 771 975 827 mella
1021 786 1172 828 cava
1215 774 1467 849 manant
1512 788 1594 827 ex
1642 768 1799 844 ilice,
1845 771 2151 831 montibus
2197 770 2337 831 altis

967 855 1126 916 levis
1174 863 1463 936 crepante
1511 857 1764 937 lympha
1811 857 2013 918 desilit
2061 860 2236 939 pede.

798 947 914 1003 iilic
961 944 1229 1003 iniussae
1276 944 1532 1003 veniunt
1578 947 1656 1004 ad
1703 945 1965 1006 mulctra
2011 947 2283 1027 capellae

967 1032 1278 1112 refertque
1328 1037 1497 1092 tenta
1545 1052 1703 1111 grex
1749 1034 1979 1094 amicus
2023 1036 2243 1103 ubera:

794 1143 902 1179 uec
949 1120 1336 1200 vespertinus
1384 1121 1807 1200 circumgemit
1853 1142 2033 1182 ursus
2080 1122 2258 1198 ovile,

964 1227 1079 1267 nec
1123 1208 1478 1269 intumescit
1524 1209 1649 1269 alta
1695 1210 1923 1290 viperis
1971 1211 2204 1271 humus.

794 1303 1087 1376 pluraque
1133 1296 1344 1356 felices
1390 1297 1764 1372 mirabimur,
1811 1306 1879 1358 ut
1922 1319 2121 1378 neque
2169 1300 2361 1378 largis

966 1403 1231 1464 aquosus
1278 1384 1481 1444 Eurus
1530 1405 1682 1446 arva
1727 1387 1904 1447 radat
1948 1388 2262 1463 imbribus,

794 1473 1043 1551 pinguia
1087 1492 1200 1532 nec
1248 1473 1425 1533 siccis
1473 1479 1728 1534 urantur
1777 1476 2010 1535 semina
2054 1476 2310 1554 glaebis,

965 1565 1291 1641 utrumque
1338 1581 1487 1639 rege
1535 1568 1912 1642 temperante
1933 1564 2260 1625 ’caelitum

797 1671 906 1707 non
955 1650 1072 1709 huc
1120 1650 1326 1727 Argoo
1376 1652 1690 1711 contendit
1733 1652 1969 1730 remige
2015 1653 2216 1732 pinus,

966 1757 1166 1817 neque
1213 1738 1497 1817 inpudica
1543 1736 1784 1799 Colchis
1830 1739 2038 1801 intulit
2083 1741 2334 1821 pedem3

794 1847 910 1883 nan
956 1826 1072 1885 huc
1119 1825 1351 1885 Sidonii
1399 1831 1709 1887 torserunt
1753 1846 1979 1889 cornua
2023 1836 2265 1904 nautae,

963 1914 1267 1998 laboriosa
1313 1933 1426 1973 nec
1474 1916 1688 1975 cohors
1735 1915 1967 1992 Ulixei3

798 2003 957 2063 nulla
1002 2012 1225 2062 nocent
1270 2002 1475 2082 pecori
1522 2006 1826 2083 contagia,
1872 2004 2097 2064 nullius
2147 2005 2294 2066 astri

964 2110 1217 2169 gregem
1266 2094 1550 2151 aestuosa
1595 2096 1789 2151 torret
1836 2092 2186 2172 inpotentia.

794 2178 1072 2259 luppiter
1116 2178 1221 2238 illa
1265 2179 1402 2259 piae
1450 2180 1717 2239 secrevit
1765 2180 1941 2241 litora
1986 2182 2176 2259 genti,

966 2272 1036 2327 ut
1081 2267 1422 2345 inquinavit
1468 2286 1612 2327 aere
1659 2277 1900 2348 tempus
1947 2288 2220 2345 aureum,

794 2374 972 2416 fisi-ea
1020 2355 1237 2415 dehinc
1283 2356 1445 2415 ferro
1494 2357 1743 2417 duravit
1790 2357 2054 2433 saecula,
2103 2378 2358 2438 quorum

967 2444 1082 2524 piis
1131 2444 1401 2504 secunda
1448 2450 1590 2505 vate
1636 2466 1732 2505 me
1782 2446 1960 2506 datur
2005 2448 2169 2526 fuga.

1432 2629 1659 2730 xvii.

804 2836 926 2892 [ειη]
972 2831 1092 2892 iam
1137 2831 1370 2893 efficaci
1419 2833 1495 2892 do
1542 2851 1758 2893 manus
1803 2834 2115 2910 scientiae,

798 2920 1059 3000 supplex
1106 2926 1169 2980 et
1213 2939 1316 2980 oro
1365 2939 1557 2998 regna
1603 2941 1713 3001 per
1760 2921 2179 3002 Proserpinae,

798 3028 906 3088 sier
950 3017 1013 3068 et
1057 3008 1289 3069 Dianae
1335 3029 1452 3068 non
1500 3010 1802 3069 movenda
1850 3013 2111 3085 numina,

798 3120 906 3176 per
950 3101 1138 3176 atque
1185 3098 1373 3157 libros
1420 3099 1755 3157 carminum
1801 3100 2134 3160 valentium

798 3184 987 3246 refixa
1033 3185 1200 3246 caelo
1249 3186 1550 3246 devocare
1599 3186 1820 3260 sidera,

798 3274 1067 3348 l..'unidia,
1114 3292 1297 3354 parce
1344 3274 1594 3333 vocibus
1641 3275 1887 3334 tandem
1936 3276 2126 3334 sacris

798 3364 1097 3441 ritumque
1145 3370 1310 3422 retro
1357 3363 1548 3437 solve,
1597 3363 1768 3423 solve
1815 3363 2135 3423 turbinem.

802 3451 983 3509 morit
1028 3455 1315 3530 nepotem
1363 3449 1670 3530 Telephus
1718 3449 2028 3522 Nereium,

798 3540 850 3596 iii
902 3558 1077 3616 quem
1126 3539 1428 3618 superbus
1475 3539 1790 3599 ordinarat
1833 3540 2078 3618 agmina

802 3628 1108 3704 Mysorum
1160 3633 1223 3686 et
1269 3627 1328 3686 in
1376 3647 1560 3706 quem
1605 3626 1731 3687 tela
1776 3633 1955 3687 acuta
1998 3634 2279 3688 torserat.

798 3734 1031 3775 unxere
1077 3720 1305 3775 matres
1351 3714 1506 3776 Iliae
1554 3715 1866 3776 addictum
1913 3716 2060 3776 feris

798 3804 1041 3863 alitibus
1089 3809 1275 3882 atque
1322 3804 1575 3864 canibus
1621 3803 1980 3865 homicidam
2027 3803 2375 3877 Hectorem,

798 3900 1112 3970 prist-quam
1160 3891 1388 3952 relictis
1436 3891 1751 3951 moenibus
1798 3912 1913 3953 rex
1958 3893 2221 3972 procidit

802 3984 914 4036 lien,
960 3979 1299 4059 pervicacis
1346 3979 1425 4040 ad
1471 3979 1663 4060 pedes
1709 3980 1990 4041 Achillei.

798 4074 1039 4128 saetosa
1084 4067 1255 4126 duris
1302 4087 1531 4127 exuere
1580 4067 1842 4148 pellibus

802 4155 1077 4216 laboriosi
1124 4155 1391 4233 remiges
1439 4154 1648 4217 Ulixei

798 4244 1040 4304 valente
1088 4241 1265 4305 Circa
1310 4245 1606 4304 membra:
1656 4249 1800 4304 tunc
1843 4263 2018 4304 mens
2065 4247 2130 4304 et
2175 4263 2360 4305 sonus

798 4332 1074 4412 relapsus
1119 4337 1303 4412 atque
1348 4337 1527 4392 notus
1573 4333 1635 4392 in
1681 4332 1884 4393 voltus
1930 4333 2136 4393 honor.
