<?xml version="1.0" encoding="UTF-8"?>
<!DOCTYPE html PUBLIC "-//W3C//DTD XHTML 1.0 Transitional//EN"
    "http://www.w3.org/TR/xhtml1/DTD/xhtml1-transitional.dtd">
<html xmlns="http://www.w3.org/1999/xhtml" xml:lang="en" lang="en">
 <head>
  <title>
</title>
<meta http-equiv="Content-Type" content="text/html;charset=utf-8" />
  <meta name='ocr-system' content='tesseract 3.04.00' />
  <meta name='ocr-capabilities' content='ocr_page ocr_carea ocr_par ocr_line ocrx_word'/>
</head>
<body>
  <div class='ocr_page' id='page_1' title='image "./odenundepoden01horagoog_0115.png"; bbox 0 0 3059 4850; ppageno 0'>
   <div class='ocr_carea' id='block_1_1' title="bbox 1240 274 1537 309">
    <p class='ocr_par' dir='ltr' id='par_1_1' title="bbox 1240 274 1537 309">
     <span class='ocr_line' id='line_1_1' title="bbox 1240 274 1537 309; baseline 0.007 -3"><span class='ocrx_word' id='word_1_1' title='bbox 1240 274 1537 309; x_wconf 75' lang='lat' dir='ltr'><strong>xvl—xvn.</strong></span> 
     </span>
    </p>
   </div>
   <div class='ocr_carea' id='block_1_2' title="bbox 635 417 1937 919">
    <p class='ocr_par' dir='ltr' id='par_1_2' title="bbox 635 417 1937 919">
     <span class='ocr_line' id='line_1_2' title="bbox 639 417 1881 498; baseline 0.002 -21"><span class='ocrx_word' id='word_1_2' title='bbox 639 417 780 478; x_wconf 90' lang='lat' dir='ltr'>dedi</span> <span class='ocrx_word' id='word_1_3' title='bbox 826 418 977 478; x_wconf 87' lang='lat' dir='ltr'>satis</span> <span class='ocrx_word' id='word_1_4' title='bbox 1022 436 1327 498; x_wconf 80' lang='lat' dir='ltr'><strong>superque</strong></span> <span class='ocrx_word' id='word_1_5' title='bbox 1374 435 1706 497; x_wconf 89' lang='lat' dir='ltr'>poenarum</span> <span class='ocrx_word' id='word_1_6' title='bbox 1753 418 1881 490; x_wconf 66' lang='lat' dir='ltr'>tihi,</span> 
     </span>
     <span class='ocr_line' id='line_1_3' title="bbox 637 506 1937 567; baseline 0 0"><span class='ocrx_word' id='word_1_7' title='bbox 637 510 839 567; x_wconf 86' lang='lat' dir='ltr'>amata</span> <span class='ocrx_word' id='word_1_8' title='bbox 883 506 1086 566; x_wconf 86' lang='lat' dir='ltr'>nautis</span> <span class='ocrx_word' id='word_1_9' title='bbox 1133 506 1391 565; x_wconf 85' lang='lat' dir='ltr'>multum</span> <span class='ocrx_word' id='word_1_10' title='bbox 1436 508 1501 564; x_wconf 85' lang='lat' dir='ltr'>et</span> <span class='ocrx_word' id='word_1_11' title='bbox 1545 506 1937 567; x_wconf 58' lang='lat' dir='ltr'>institoribus.</span> 
     </span>
     <span class='ocr_line' id='line_1_4' title="bbox 637 594 1893 673; baseline 0.002 -20"><span class='ocrx_word' id='word_1_12' title='bbox 637 594 794 673; x_wconf 81' lang='lat' dir='ltr'>fugit</span> <span class='ocrx_word' id='word_1_13' title='bbox 837 594 1138 669; x_wconf 82' lang='lat' dir='ltr'>iuventas,</span> <span class='ocrx_word' id='word_1_14' title='bbox 1187 599 1250 654; x_wconf 86' lang='lat' dir='ltr'>et</span> <span class='ocrx_word' id='word_1_15' title='bbox 1297 594 1684 653; x_wconf 85' lang='lat' dir='ltr'>verecundus</span> <span class='ocrx_word' id='word_1_16' title='bbox 1731 595 1893 655; x_wconf 76' lang='lat' dir='ltr'>color</span> 
     </span>
     <span class='ocr_line' id='line_1_5' title="bbox 635 681 1801 763; baseline 0.001 -21"><span class='ocrx_word' id='word_1_17' title='bbox 635 682 885 762; x_wconf 89' lang='lat' dir='ltr'>reliquit</span> <span class='ocrx_word' id='word_1_18' title='bbox 929 701 1069 742; x_wconf 89' lang='lat' dir='ltr'>ossa</span> <span class='ocrx_word' id='word_1_19' title='bbox 1111 681 1273 763; x_wconf 91' lang='lat' dir='ltr'>pelle</span> <span class='ocrx_word' id='word_1_20' title='bbox 1320 682 1540 742; x_wconf 85' lang='lat' dir='ltr'>amicta</span> <span class='ocrx_word' id='word_1_21' title='bbox 1583 682 1801 758; x_wconf 86' lang='lat' dir='ltr'>lurida,</span> 
     </span>
     <span class='ocr_line' id='line_1_6' title="bbox 638 770 1777 850; baseline 0 -20"><span class='ocrx_word' id='word_1_22' title='bbox 638 771 760 830; x_wconf 75' lang='lat' dir='ltr'>tuis</span> <span class='ocrx_word' id='word_1_23' title='bbox 807 770 1063 850; x_wconf 80' lang='lat' dir='ltr'>capillus</span> <span class='ocrx_word' id='word_1_24' title='bbox 1110 770 1285 830; x_wconf 91' lang='lat' dir='ltr'>albus</span> <span class='ocrx_word' id='word_1_25' title='bbox 1333 775 1428 829; x_wconf 84' lang='lat' dir='ltr'>est</span> <span class='ocrx_word' id='word_1_26' title='bbox 1471 771 1777 846; x_wconf 90' lang='lat' dir='ltr'>odoribus,</span> 
     </span>
     <span class='ocr_line' id='line_1_7' title="bbox 636 859 1909 919; baseline 0 0"><span class='ocrx_word' id='word_1_27' title='bbox 636 859 868 919; x_wconf 86' lang='lat' dir='ltr'>nullum</span> <span class='ocrx_word' id='word_1_28' title='bbox 916 878 952 918; x_wconf 90' lang='lat' dir='ltr'>a</span> <span class='ocrx_word' id='word_1_29' title='bbox 998 859 1206 919; x_wconf 89' lang='lat' dir='ltr'>labore</span> <span class='ocrx_word' id='word_1_30' title='bbox 1251 878 1348 917; x_wconf 92' lang='lat' dir='ltr'>me</span> <span class='ocrx_word' id='word_1_31' title='bbox 1396 859 1654 919; x_wconf 77' lang='lat' dir='ltr'>reclinat</span> <span class='ocrx_word' id='word_1_32' title='bbox 1701 860 1909 919; x_wconf 83' lang='lat' dir='ltr'>otium:</span> 
     </span>
    </p>
   </div>
   <div class='ocr_carea' id='block_1_3' title="bbox 636 946 2213 1027">
    <p class='ocr_par' dir='ltr' id='par_1_3' title="bbox 636 946 2213 1027">
     <span class='ocr_line' id='line_1_8' title="bbox 636 946 2213 1027; baseline 0 -20"><span class='ocrx_word' id='word_1_33' title='bbox 636 952 860 1026; x_wconf 83' lang='lat' dir='ltr'>urguet</span> <span class='ocrx_word' id='word_1_34' title='bbox 906 947 1065 1006; x_wconf 92' lang='lat' dir='ltr'>diem</span> <span class='ocrx_word' id='word_1_35' title='bbox 1112 966 1234 1005; x_wconf 86' lang='lat' dir='ltr'>nox</span> <span class='ocrx_word' id='word_1_36' title='bbox 1283 951 1344 1006; x_wconf 92' lang='lat' dir='ltr'>et</span> <span class='ocrx_word' id='word_1_37' title='bbox 1392 946 1523 1006; x_wconf 91' lang='lat' dir='ltr'>dies</span> <span class='ocrx_word' id='word_1_38' title='bbox 1569 954 1826 1023; x_wconf 89' lang='lat' dir='ltr'>noctem,</span> <span class='ocrx_word' id='word_1_39' title='bbox 1873 971 2065 1027; x_wconf 46' lang='lat' dir='ltr'>nmque</span> <span class='ocrx_word' id='word_1_40' title='bbox 2117 963 2213 1007; x_wconf 54' lang='lat' dir='ltr'>cst,</span> 
     </span>
    </p>
   </div>
   <div class='ocr_carea' id='block_1_4' title="bbox 632 1034 2185 4381">
    <p class='ocr_par' dir='ltr' id='par_1_4' title="bbox 634 1034 1740 1115">
     <span class='ocr_line' id='line_1_9' title="bbox 634 1034 1740 1115; baseline 0 -20"><span class='ocrx_word' id='word_1_41' title='bbox 634 1036 842 1097; x_wconf 83' lang='lat' dir='ltr'>levare</span> <span class='ocrx_word' id='word_1_42' title='bbox 891 1039 1059 1095; x_wconf 84' lang='lat' dir='ltr'>tenta</span> <span class='ocrx_word' id='word_1_43' title='bbox 1103 1034 1322 1115; x_wconf 88' lang='lat' dir='ltr'>spiritu</span> <span class='ocrx_word' id='word_1_44' title='bbox 1368 1036 1740 1114; x_wconf 87' lang='lat' dir='ltr'>praecordia.</span> 
     </span>
    </p>

    <p class='ocr_par' dir='ltr' id='par_1_5' title="bbox 636 1122 2033 1380">
     <span class='ocr_line' id='line_1_10' title="bbox 637 1122 2033 1203; baseline 0 -20"><span class='ocrx_word' id='word_1_45' title='bbox 637 1143 785 1203; x_wconf 85' lang='lat' dir='ltr'>ergo</span> <span class='ocrx_word' id='word_1_46' title='bbox 831 1128 1124 1202; x_wconf 89' lang='lat' dir='ltr'>negatum</span> <span class='ocrx_word' id='word_1_47' title='bbox 1172 1122 1383 1182; x_wconf 85' lang='lat' dir='ltr'>vincor</span> <span class='ocrx_word' id='word_1_48' title='bbox 1428 1128 1495 1183; x_wconf 90' lang='lat' dir='ltr'>ut</span> <span class='ocrx_word' id='word_1_49' title='bbox 1542 1125 1788 1184; x_wconf 90' lang='lat' dir='ltr'>credam</span> <span class='ocrx_word' id='word_1_50' title='bbox 1832 1127 2033 1183; x_wconf 65' lang='lat' dir='ltr'>miser.</span> 
     </span>
     <span class='ocr_line' id='line_1_11' title="bbox 637 1211 1832 1291; baseline 0.001 -20"><span class='ocrx_word' id='word_1_51' title='bbox 637 1211 881 1273; x_wconf 87' lang='lat' dir='ltr'>Sabella</span> <span class='ocrx_word' id='word_1_52' title='bbox 924 1217 1142 1291; x_wconf 88' lang='lat' dir='ltr'>pectus</span> <span class='ocrx_word' id='word_1_53' title='bbox 1189 1212 1502 1291; x_wconf 89' lang='lat' dir='ltr'>increpare</span> <span class='ocrx_word' id='word_1_54' title='bbox 1550 1212 1832 1286; x_wconf 87' lang='lat' dir='ltr'>carmina,</span> 
     </span>
     <span class='ocr_line' id='line_1_12' title="bbox 636 1299 1743 1380; baseline 0.001 -20"><span class='ocrx_word' id='word_1_55' title='bbox 636 1309 935 1380; x_wconf 81' lang='lat' dir='ltr'><strong>caputque</strong></span> <span class='ocrx_word' id='word_1_56' title='bbox 980 1299 1189 1359; x_wconf 86' lang='lat' dir='ltr'>Marsa</span> <span class='ocrx_word' id='word_1_57' title='bbox 1236 1299 1498 1359; x_wconf 79' lang='lat' dir='ltr'>dissilire</span> <span class='ocrx_word' id='word_1_58' title='bbox 1545 1301 1743 1361; x_wconf 89' lang='lat' dir='ltr'>nenia.</span> 
     </span>
    </p>

    <p class='ocr_par' dir='ltr' id='par_1_6' title="bbox 634 1384 2157 1638">
     <span class='ocr_line' id='line_1_13' title="bbox 635 1384 2157 1468; baseline 0.001 -21"><span class='ocrx_word' id='word_1_59' title='bbox 635 1389 780 1468; x_wconf 89' lang='lat' dir='ltr'>quid</span> <span class='ocrx_word' id='word_1_60' title='bbox 826 1388 1085 1468; x_wconf 87' lang='lat' dir='ltr'>amplius</span> <span class='ocrx_word' id='word_1_61' title='bbox 1132 1384 1275 1447; x_wconf 81' lang='lat' dir='ltr'>vis?</span> <span class='ocrx_word' id='word_1_62' title='bbox 1323 1406 1357 1446; x_wconf 92' lang='grc' dir='ltr'>ο</span> <span class='ocrx_word' id='word_1_63' title='bbox 1402 1407 1570 1448; x_wconf 90' lang='lat' dir='ltr'>mare</span> <span class='ocrx_word' id='word_1_64' title='bbox 1617 1393 1682 1449; x_wconf 91' lang='lat' dir='ltr'>et</span> <span class='ocrx_word' id='word_1_65' title='bbox 1727 1397 1905 1459; x_wconf 34' lang='lat' dir='ltr'>terra?</span> <span class='ocrx_word' id='word_1_66' title='bbox 1957 1391 2157 1451; x_wconf 62' lang='lat' dir='ltr'>:ml-sn„</span> 
     </span>
     <span class='ocr_line' id='line_1_14' title="bbox 635 1476 2057 1556; baseline -0.001 -20"><span class='ocrx_word' id='word_1_67' title='bbox 635 1480 924 1556; x_wconf 88' lang='lat' dir='ltr'>quantum</span> <span class='ocrx_word' id='word_1_68' title='bbox 974 1496 1170 1554; x_wconf 90' lang='lat' dir='ltr'>neque</span> <span class='ocrx_word' id='word_1_69' title='bbox 1218 1481 1351 1535; x_wconf 91' lang='lat' dir='ltr'>atro</span> <span class='ocrx_word' id='word_1_70' title='bbox 1401 1476 1712 1537; x_wconf 88' lang='lat' dir='ltr'>delibutus</span> <span class='ocrx_word' id='word_1_71' title='bbox 1760 1477 2057 1537; x_wconf 68' lang='lat' dir='ltr'>H.e1·=.··.ules</span> 
     </span>
     <span class='ocr_line' id='line_1_15' title="bbox 634 1562 1788 1638; baseline 0.001 -14"><span class='ocrx_word' id='word_1_72' title='bbox 634 1564 817 1625; x_wconf 86' lang='lat' dir='ltr'>Nessi</span> <span class='ocrx_word' id='word_1_73' title='bbox 865 1583 1080 1624; x_wconf 89' lang='lat' dir='ltr'>cruore</span> <span class='ocrx_word' id='word_1_74' title='bbox 1127 1582 1238 1623; x_wconf 90' lang='lat' dir='ltr'>nec</span> <span class='ocrx_word' id='word_1_75' title='bbox 1286 1562 1504 1638; x_wconf 78' lang='lat' dir='ltr'>Sicana</span> <span class='ocrx_word' id='word_1_76' title='bbox 1549 1565 1788 1625; x_wconf 84' lang='lat' dir='ltr'>fervida</span> 
     </span>
    </p>

    <p class='ocr_par' dir='ltr' id='par_1_7' title="bbox 634 1651 2085 1815">
     <span class='ocr_line' id='line_1_16' title="bbox 634 1651 2085 1726; baseline 0.001 -17"><span class='ocrx_word' id='word_1_77' title='bbox 634 1653 841 1714; x_wconf 85' lang='lat' dir='ltr'>virens</span> <span class='ocrx_word' id='word_1_78' title='bbox 888 1653 949 1712; x_wconf 86' lang='lat' dir='ltr'>in</span> <span class='ocrx_word' id='word_1_79' title='bbox 996 1654 1199 1712; x_wconf 81' lang='lat' dir='ltr'><strong>Aetna</strong></span> <span class='ocrx_word' id='word_1_80' title='bbox 1243 1651 1513 1714; x_wconf 87' lang='lat' dir='ltr'>flamma:</span> <span class='ocrx_word' id='word_1_81' title='bbox 1565 1658 1650 1726; x_wconf 90' lang='lat' dir='ltr'>tu,</span> <span class='ocrx_word' id='word_1_82' title='bbox 1698 1655 1889 1715; x_wconf 77' lang='lat' dir='ltr'>donec</span> <span class='ocrx_word' id='word_1_83' title='bbox 1937 1655 2085 1711; x_wconf 60' lang='lat' dir='ltr'>uinis</span> 
     </span>
     <span class='ocr_line' id='line_1_17' title="bbox 635 1741 1676 1815; baseline -0.001 -14"><span class='ocrx_word' id='word_1_84' title='bbox 635 1742 942 1801; x_wconf 89' lang='lat' dir='ltr'>iniuriosis</span> <span class='ocrx_word' id='word_1_85' title='bbox 988 1742 1196 1800; x_wconf 88' lang='lat' dir='ltr'>aridus</span> <span class='ocrx_word' id='word_1_86' title='bbox 1243 1741 1444 1800; x_wconf 87' lang='lat' dir='ltr'>ventis</span> <span class='ocrx_word' id='word_1_87' title='bbox 1492 1742 1676 1815; x_wconf 88' lang='lat' dir='ltr'>ferar,</span> 
     </span>
    </p>

    <p class='ocr_par' dir='ltr' id='par_1_8' title="bbox 636 1827 1748 1890">
     <span class='ocr_line' id='line_1_18' title="bbox 636 1827 1748 1890; baseline 0 -1"><span class='ocrx_word' id='word_1_88' title='bbox 636 1828 798 1889; x_wconf 86' lang='lat' dir='ltr'>cales</span> <span class='ocrx_word' id='word_1_89' title='bbox 844 1829 1099 1889; x_wconf 83' lang='lat' dir='ltr'>venenis</span> <span class='ocrx_word' id='word_1_90' title='bbox 1146 1828 1386 1889; x_wconf 87' lang='lat' dir='ltr'>officina</span> <span class='ocrx_word' id='word_1_91' title='bbox 1432 1827 1748 1890; x_wconf 80' lang='lat' dir='ltr'>Colchicis,</span> 
     </span>
    </p>

    <p class='ocr_par' dir='ltr' id='par_1_9' title="bbox 634 1917 2185 2175">
     <span class='ocr_line' id='line_1_19' title="bbox 636 1917 2185 1999; baseline -0.001 -22"><span class='ocrx_word' id='word_1_92' title='bbox 636 1936 789 1996; x_wconf 85' lang='lat' dir='ltr'>quae</span> <span class='ocrx_word' id='word_1_93' title='bbox 836 1917 973 1977; x_wconf 89' lang='lat' dir='ltr'>finis</span> <span class='ocrx_word' id='word_1_94' title='bbox 1020 1924 1125 1976; x_wconf 92' lang='lat' dir='ltr'>aut</span> <span class='ocrx_word' id='word_1_95' title='bbox 1170 1917 1333 1996; x_wconf 89' lang='lat' dir='ltr'>quod</span> <span class='ocrx_word' id='word_1_96' title='bbox 1382 1937 1477 1977; x_wconf 90' lang='lat' dir='ltr'>me</span> <span class='ocrx_word' id='word_1_97' title='bbox 1524 1925 1731 1978; x_wconf 88' lang='lat' dir='ltr'>manet</span> <span class='ocrx_word' id='word_1_98' title='bbox 1775 1919 2185 1999; x_wconf 58' lang='lat' dir='ltr'>stifnssfmlium&#39;?</span> 
     </span>
     <span class='ocr_line' id='line_1_20' title="bbox 636 2004 1949 2085; baseline 0.002 -20"><span class='ocrx_word' id='word_1_99' title='bbox 636 2004 847 2066; x_wconf 79' lang='lat' dir='ltr'>effare!</span> <span class='ocrx_word' id='word_1_100' title='bbox 896 2006 1096 2065; x_wconf 89' lang='lat' dir='ltr'>iussas</span> <span class='ocrx_word' id='word_1_101' title='bbox 1144 2024 1280 2064; x_wconf 90' lang='lat' dir='ltr'>cum</span> <span class='ocrx_word' id='word_1_102' title='bbox 1327 2004 1447 2064; x_wconf 87' lang='lat' dir='ltr'>fide</span> <span class='ocrx_word' id='word_1_103' title='bbox 1493 2026 1721 2085; x_wconf 88' lang='lat' dir='ltr'>poenas</span> <span class='ocrx_word' id='word_1_104' title='bbox 1768 2007 1949 2067; x_wconf 75' lang='lat' dir='ltr'>luam.</span> 
     </span>
     <span class='ocr_line' id='line_1_21' title="bbox 634 2094 1756 2175; baseline 0 -21"><span class='ocrx_word' id='word_1_105' title='bbox 634 2097 884 2175; x_wconf 87' lang='lat' dir='ltr'>paratus</span> <span class='ocrx_word' id='word_1_106' title='bbox 930 2094 1203 2173; x_wconf 86' lang='lat' dir='ltr'>expiare,</span> <span class='ocrx_word' id='word_1_107' title='bbox 1250 2113 1359 2152; x_wconf 87' lang='lat' dir='ltr'>seu</span> <span class='ocrx_word' id='word_1_108' title='bbox 1406 2095 1756 2175; x_wconf 84' lang='lat' dir='ltr'>poposceris</span> 
     </span>
    </p>

    <p class='ocr_par' dir='ltr' id='par_1_10' title="bbox 633 2181 1957 2705">
     <span class='ocr_line' id='line_1_22' title="bbox 636 2181 1925 2262; baseline -0.002 -20"><span class='ocrx_word' id='word_1_109' title='bbox 636 2189 877 2243; x_wconf 92' lang='lat' dir='ltr'>centum</span> <span class='ocrx_word' id='word_1_110' title='bbox 923 2181 1234 2256; x_wconf 87' lang='lat' dir='ltr'>iuvencos,</span> <span class='ocrx_word' id='word_1_111' title='bbox 1283 2182 1416 2241; x_wconf 85' lang='lat' dir='ltr'>sive</span> <span class='ocrx_word' id='word_1_112' title='bbox 1462 2183 1742 2244; x_wconf 86' lang='lat' dir='ltr'>mendaci</span> <span class='ocrx_word' id='word_1_113' title='bbox 1791 2183 1925 2262; x_wconf 60' lang='lat' dir='ltr'>lyr-„i</span> 
     </span>
     <span class='ocr_line' id='line_1_23' title="bbox 633 2270 1837 2351; baseline 0.002 -23"><span class='ocrx_word' id='word_1_114' title='bbox 633 2272 805 2331; x_wconf 82' lang='lat' dir='ltr'>voles</span> <span class='ocrx_word' id='word_1_115' title='bbox 852 2270 1052 2330; x_wconf 89' lang='lat' dir='ltr'>sonari</span> <span class='ocrx_word' id='word_1_116' title='bbox 1098 2277 1201 2346; x_wconf 90' lang='lat' dir='ltr'>„tu</span> <span class='ocrx_word' id='word_1_117' title='bbox 1246 2270 1484 2350; x_wconf 90' lang='lat' dir='ltr'>pudica,</span> <span class='ocrx_word' id='word_1_118' title='bbox 1531 2275 1601 2331; x_wconf 85' lang='lat' dir='ltr'>tu</span> <span class='ocrx_word' id='word_1_119' title='bbox 1645 2273 1837 2351; x_wconf 89' lang='lat' dir='ltr'>proba</span> 
     </span>
     <span class='ocr_line' id='line_1_24' title="bbox 634 2357 1865 2440; baseline 0.001 -21"><span class='ocrx_word' id='word_1_120' title='bbox 634 2357 1080 2440; x_wconf 79' lang='lat' dir='ltr'>perambulabis</span> <span class='ocrx_word' id='word_1_121' title='bbox 1128 2365 1297 2418; x_wconf 89' lang='lat' dir='ltr'>astra</span> <span class='ocrx_word' id='word_1_122' title='bbox 1342 2358 1513 2418; x_wconf 87' lang='lat' dir='ltr'>sidus</span> <span class='ocrx_word' id='word_1_123' title='bbox 1560 2362 1865 2420; x_wconf 77' lang='lat' dir='ltr'>aureum“.</span> 
     </span>
     <span class='ocr_line' id='line_1_25' title="bbox 636 2446 1957 2509; baseline -0.002 -2"><span class='ocrx_word' id='word_1_124' title='bbox 636 2448 873 2509; x_wconf 84' lang='lat' dir='ltr'>mfamis</span> <span class='ocrx_word' id='word_1_125' title='bbox 920 2446 1197 2508; x_wconf 86' lang='lat' dir='ltr'>Helenae</span> <span class='ocrx_word' id='word_1_126' title='bbox 1246 2447 1465 2508; x_wconf 79' lang='lat' dir='ltr'>Castor</span> <span class='ocrx_word' id='word_1_127' title='bbox 1510 2446 1776 2508; x_wconf 86' lang='lat' dir='ltr'>offensus</span> <span class='ocrx_word' id='word_1_128' title='bbox 1830 2452 1957 2508; x_wconf 52' lang='lat' dir='ltr'>viu-[2.</span> 
     </span>
     <span class='ocr_line' id='line_1_26' title="bbox 634 2533 1953 2617; baseline -0.002 -22"><span class='ocrx_word' id='word_1_129' title='bbox 634 2538 945 2616; x_wconf 85' lang='lat' dir='ltr'>fraterque</span> <span class='ocrx_word' id='word_1_130' title='bbox 992 2536 1197 2614; x_wconf 89' lang='lat' dir='ltr'>magni</span> <span class='ocrx_word' id='word_1_131' title='bbox 1244 2533 1533 2611; x_wconf 89' lang='lat' dir='ltr'>Castoris,</span> <span class='ocrx_word' id='word_1_132' title='bbox 1582 2537 1727 2597; x_wconf 86' lang='lat' dir='ltr'>victi</span> <span class='ocrx_word' id='word_1_133' title='bbox 1776 2556 1953 2617; x_wconf 49' lang='lat' dir='ltr'>presai</span> 
     </span>
     <span class='ocr_line' id='line_1_27' title="bbox 634 2624 1769 2705; baseline 0 -20"><span class='ocrx_word' id='word_1_134' title='bbox 634 2626 922 2705; x_wconf 84' lang='lat' dir='ltr'>adempta</span> <span class='ocrx_word' id='word_1_135' title='bbox 966 2625 1091 2684; x_wconf 87' lang='lat' dir='ltr'>vati</span> <span class='ocrx_word' id='word_1_136' title='bbox 1140 2624 1467 2683; x_wconf 85' lang='lat' dir='ltr'>reddidere</span> <span class='ocrx_word' id='word_1_137' title='bbox 1514 2624 1769 2685; x_wconf 89' lang='lat' dir='ltr'>lumina:</span> 
     </span>
    </p>

    <p class='ocr_par' dir='ltr' id='par_1_11' title="bbox 635 2708 1993 2794">
     <span class='ocr_line' id='line_1_28' title="bbox 635 2708 1993 2794; baseline 0.003 -22"><span class='ocrx_word' id='word_1_138' title='bbox 635 2723 697 2772; x_wconf 94' lang='lat' dir='ltr'>et</span> <span class='ocrx_word' id='word_1_139' title='bbox 741 2720 809 2773; x_wconf 89' lang='lat' dir='ltr'>tu</span> <span class='ocrx_word' id='word_1_140' title='bbox 855 2708 1056 2793; x_wconf 90' lang='lat' dir='ltr'>(potes</span> <span class='ocrx_word' id='word_1_141' title='bbox 1103 2709 1269 2794; x_wconf 89' lang='lat' dir='ltr'>nam)</span> <span class='ocrx_word' id='word_1_142' title='bbox 1316 2713 1485 2772; x_wconf 84' lang='lat' dir='ltr'>solve</span> <span class='ocrx_word' id='word_1_143' title='bbox 1532 2732 1628 2772; x_wconf 93' lang='lat' dir='ltr'>me</span> <span class='ocrx_word' id='word_1_144' title='bbox 1675 2714 1993 2776; x_wconf 72' lang='lat' dir='ltr'>dementia.</span> 
     </span>
    </p>

    <p class='ocr_par' dir='ltr' id='par_1_12' title="bbox 635 2801 1814 2881">
     <span class='ocr_line' id='line_1_29' title="bbox 635 2801 1814 2881; baseline -0.001 -19"><span class='ocrx_word' id='word_1_145' title='bbox 635 2821 668 2862; x_wconf 95' lang='lat' dir='ltr'>o</span> <span class='ocrx_word' id='word_1_146' title='bbox 714 2821 828 2862; x_wconf 91' lang='lat' dir='ltr'>nec</span> <span class='ocrx_word' id='word_1_147' title='bbox 874 2801 1146 2881; x_wconf 89' lang='lat' dir='ltr'>paternis</span> <span class='ocrx_word' id='word_1_148' title='bbox 1194 2801 1468 2860; x_wconf 87' lang='lat' dir='ltr'>obsoleta</span> <span class='ocrx_word' id='word_1_149' title='bbox 1514 2802 1814 2875; x_wconf 88' lang='lat' dir='ltr'>sordibus,</span> 
     </span>
    </p>

    <p class='ocr_par' dir='ltr' id='par_1_13' title="bbox 633 2888 2093 3058">
     <span class='ocr_line' id='line_1_30' title="bbox 635 2888 2093 2970; baseline -0.001 -22"><span class='ocrx_word' id='word_1_150' title='bbox 635 2909 746 2950; x_wconf 89' lang='lat' dir='ltr'>nec</span> <span class='ocrx_word' id='word_1_151' title='bbox 792 2889 852 2950; x_wconf 89' lang='lat' dir='ltr'>in</span> <span class='ocrx_word' id='word_1_152' title='bbox 899 2888 1197 2969; x_wconf 86' lang='lat' dir='ltr'>sepulcris</span> <span class='ocrx_word' id='word_1_153' title='bbox 1243 2907 1579 2969; x_wconf 89' lang='lat' dir='ltr'>pauperum</span> <span class='ocrx_word' id='word_1_154' title='bbox 1626 2891 1893 2970; x_wconf 74' lang='lat' dir='ltr'>prudens</span> <span class='ocrx_word' id='word_1_155' title='bbox 1945 2912 2093 2948; x_wconf 55' lang='lat' dir='ltr'>anus</span> 
     </span>
     <span class='ocr_line' id='line_1_31' title="bbox 633 2977 1766 3058; baseline 0 -20"><span class='ocrx_word' id='word_1_156' title='bbox 633 2977 1056 3038; x_wconf 63' lang='lat' dir='ltr'>Novemdialis</span> <span class='ocrx_word' id='word_1_157' title='bbox 1105 2977 1403 3058; x_wconf 86' lang='lat' dir='ltr'>dissipare</span> <span class='ocrx_word' id='word_1_158' title='bbox 1450 2978 1766 3058; x_wconf 77' lang='lat' dir='ltr'>pulveres!</span> 
     </span>
    </p>

    <p class='ocr_par' dir='ltr' id='par_1_14' title="bbox 633 3066 1969 3411">
     <span class='ocr_line' id='line_1_32' title="bbox 633 3066 1969 3146; baseline -0.002 -19"><span class='ocrx_word' id='word_1_159' title='bbox 633 3067 744 3127; x_wconf 86' lang='lat' dir='ltr'>tibi</span> <span class='ocrx_word' id='word_1_160' title='bbox 788 3066 1085 3146; x_wconf 90' lang='lat' dir='ltr'>hospitale</span> <span class='ocrx_word' id='word_1_161' title='bbox 1132 3073 1347 3146; x_wconf 89' lang='lat' dir='ltr'>pectus</span> <span class='ocrx_word' id='word_1_162' title='bbox 1394 3072 1457 3127; x_wconf 89' lang='lat' dir='ltr'>et</span> <span class='ocrx_word' id='word_1_163' title='bbox 1501 3085 1693 3146; x_wconf 91' lang='lat' dir='ltr'>purae</span> <span class='ocrx_word' id='word_1_164' title='bbox 1739 3085 1969 3136; x_wconf 50' lang='lat' dir='ltr'>manu-sq</span> 
     </span>
     <span class='ocr_line' id='line_1_33' title="bbox 635 3152 1877 3234; baseline -0.001 -21"><span class='ocrx_word' id='word_1_165' title='bbox 635 3158 897 3234; x_wconf 87' lang='lat' dir='ltr'>tuusque</span> <span class='ocrx_word' id='word_1_166' title='bbox 942 3159 1162 3213; x_wconf 82' lang='lat' dir='ltr'>venter</span> <span class='ocrx_word' id='word_1_167' title='bbox 1208 3152 1617 3228; x_wconf 86' lang='lat' dir='ltr'>Pactumeius,</span> <span class='ocrx_word' id='word_1_168' title='bbox 1665 3159 1730 3214; x_wconf 92' lang='lat' dir='ltr'>et</span> <span class='ocrx_word' id='word_1_169' title='bbox 1775 3161 1877 3214; x_wconf 76' lang='lat' dir='ltr'>tun</span> 
     </span>
     <span class='ocr_line' id='line_1_34' title="bbox 635 3242 1949 3322; baseline -0.002 -20"><span class='ocrx_word' id='word_1_170' title='bbox 635 3262 848 3303; x_wconf 89' lang='lat' dir='ltr'>cruore</span> <span class='ocrx_word' id='word_1_171' title='bbox 895 3242 1112 3302; x_wconf 90' lang='lat' dir='ltr'>rubros</span> <span class='ocrx_word' id='word_1_172' title='bbox 1160 3242 1457 3302; x_wconf 83' lang='lat' dir='ltr'>obstetrix</span> <span class='ocrx_word' id='word_1_173' title='bbox 1503 3261 1737 3322; x_wconf 90' lang='lat' dir='ltr'>pannos</span> <span class='ocrx_word' id='word_1_174' title='bbox 1784 3244 1949 3308; x_wconf 54' lang='lat' dir='ltr'>lavit„</span> 
     </span>
     <span class='ocr_line' id='line_1_35' title="bbox 634 3329 1810 3411; baseline 0 -20"><span class='ocrx_word' id='word_1_175' title='bbox 634 3337 959 3410; x_wconf 89' lang='lat' dir='ltr'>utcumque</span> <span class='ocrx_word' id='word_1_176' title='bbox 1006 3330 1182 3390; x_wconf 87' lang='lat' dir='ltr'>fortis</span> <span class='ocrx_word' id='word_1_177' title='bbox 1230 3329 1443 3390; x_wconf 85' lang='lat' dir='ltr'>exsilis</span> <span class='ocrx_word' id='word_1_178' title='bbox 1490 3350 1810 3411; x_wconf 88' lang='lat' dir='ltr'>puerpera.</span> 
     </span>
    </p>

    <p class='ocr_par' dir='ltr' id='par_1_15' title="bbox 632 3419 2009 3763">
     <span class='ocr_line' id='line_1_36' title="bbox 632 3419 2009 3500; baseline -0.003 -21"><span class='ocrx_word' id='word_1_179' title='bbox 632 3420 814 3499; x_wconf 91' lang='lat' dir='ltr'>„quid</span> <span class='ocrx_word' id='word_1_180' title='bbox 862 3420 1160 3479; x_wconf 87' lang='lat' dir='ltr'>obseratis</span> <span class='ocrx_word' id='word_1_181' title='bbox 1206 3419 1453 3478; x_wconf 88' lang='lat' dir='ltr'>auribus</span> <span class='ocrx_word' id='word_1_182' title='bbox 1500 3420 1705 3479; x_wconf 89' lang='lat' dir='ltr'>fundis</span> <span class='ocrx_word' id='word_1_183' title='bbox 1753 3420 2009 3500; x_wconf 60' lang='lat' dir='ltr'>preces?</span> 
     </span>
     <span class='ocr_line' id='line_1_37' title="bbox 634 3506 1777 3568; baseline -0.002 0"><span class='ocrx_word' id='word_1_184' title='bbox 634 3527 750 3568; x_wconf 92' lang='lat' dir='ltr'>non</span> <span class='ocrx_word' id='word_1_185' title='bbox 799 3527 953 3568; x_wconf 86' lang='lat' dir='ltr'>saxa</span> <span class='ocrx_word' id='word_1_186' title='bbox 1000 3506 1178 3566; x_wconf 90' lang='lat' dir='ltr'>nudis</span> <span class='ocrx_word' id='word_1_187' title='bbox 1227 3507 1506 3566; x_wconf 86' lang='lat' dir='ltr'>surdiora</span> <span class='ocrx_word' id='word_1_188' title='bbox 1551 3508 1777 3568; x_wconf 87' lang='lat' dir='ltr'>navitis</span> 
     </span>
     <span class='ocr_line' id='line_1_38' title="bbox 632 3595 1897 3677; baseline -0.003 -21"><span class='ocrx_word' id='word_1_189' title='bbox 632 3596 955 3677; x_wconf 86' lang='lat' dir='ltr'>Neptunus</span> <span class='ocrx_word' id='word_1_190' title='bbox 1003 3596 1125 3656; x_wconf 85' lang='lat' dir='ltr'>alto</span> <span class='ocrx_word' id='word_1_191' title='bbox 1173 3595 1374 3655; x_wconf 89' lang='lat' dir='ltr'>tundit</span> <span class='ocrx_word' id='word_1_192' title='bbox 1419 3595 1710 3655; x_wconf 89' lang='lat' dir='ltr'>hibernus</span> <span class='ocrx_word' id='word_1_193' title='bbox 1756 3596 1897 3656; x_wconf 75' lang='lat' dir='ltr'>salo,</span> 
     </span>
     <span class='ocr_line' id='line_1_39' title="bbox 635 3681 1673 3763; baseline -0.001 -20"><span class='ocrx_word' id='word_1_194' title='bbox 635 3686 862 3745; x_wconf 86' lang='lat' dir='ltr'>inultus</span> <span class='ocrx_word' id='word_1_195' title='bbox 908 3691 977 3744; x_wconf 89' lang='lat' dir='ltr'>ut</span> <span class='ocrx_word' id='word_1_196' title='bbox 1023 3694 1091 3743; x_wconf 91' lang='lat' dir='ltr'>tu</span> <span class='ocrx_word' id='word_1_197' title='bbox 1135 3683 1348 3742; x_wconf 89' lang='lat' dir='ltr'>riseris</span> <span class='ocrx_word' id='word_1_198' title='bbox 1397 3681 1673 3763; x_wconf 85' lang='lat' dir='ltr'>Cotyttia</span> 
     </span>
    </p>

    <p class='ocr_par' dir='ltr' id='par_1_16' title="bbox 633 3770 1802 3852">
     <span class='ocr_line' id='line_1_40' title="bbox 633 3770 1802 3852; baseline -0.001 -20"><span class='ocrx_word' id='word_1_199' title='bbox 633 3773 903 3852; x_wconf 85' lang='lat' dir='ltr'>volgata,</span> <span class='ocrx_word' id='word_1_200' title='bbox 952 3791 1191 3832; x_wconf 88' lang='lat' dir='ltr'>sacrum</span> <span class='ocrx_word' id='word_1_201' title='bbox 1239 3771 1412 3832; x_wconf 88' lang='lat' dir='ltr'>liberi</span> <span class='ocrx_word' id='word_1_202' title='bbox 1461 3770 1802 3851; x_wconf 82' lang='lat' dir='ltr'>Cupidinis,</span> 
     </span>
    </p>

    <p class='ocr_par' dir='ltr' id='par_1_17' title="bbox 635 3859 1672 3941">
     <span class='ocr_line' id='line_1_41' title="bbox 635 3859 1672 3941; baseline -0.002 -20"><span class='ocrx_word' id='word_1_203' title='bbox 635 3868 697 3921; x_wconf 87' lang='lat' dir='ltr'>et</span> <span class='ocrx_word' id='word_1_204' title='bbox 738 3860 1043 3941; x_wconf 87' lang='lat' dir='ltr'>Esquilini</span> <span class='ocrx_word' id='word_1_205' title='bbox 1091 3860 1369 3941; x_wconf 87' lang='lat' dir='ltr'>pontifex</span> <span class='ocrx_word' id='word_1_206' title='bbox 1416 3859 1672 3919; x_wconf 85' lang='lat' dir='ltr'>venefici</span> 
     </span>
    </p>

    <p class='ocr_par' dir='ltr' id='par_1_18' title="bbox 633 3948 2037 4201">
     <span class='ocr_line' id='line_1_42' title="bbox 633 3948 2037 4029; baseline -0.004 -21"><span class='ocrx_word' id='word_1_207' title='bbox 633 3950 858 4029; x_wconf 87' lang='lat' dir='ltr'>inpune</span> <span class='ocrx_word' id='word_1_208' title='bbox 903 3955 973 4009; x_wconf 90' lang='lat' dir='ltr'>ut</span> <span class='ocrx_word' id='word_1_209' title='bbox 1016 3951 1227 4009; x_wconf 91' lang='lat' dir='ltr'>urbem</span> <span class='ocrx_word' id='word_1_210' title='bbox 1275 3948 1514 4008; x_wconf 90' lang='lat' dir='ltr'>nomine</span> <span class='ocrx_word' id='word_1_211' title='bbox 1562 3948 1814 4029; x_wconf 87' lang='lat' dir='ltr'>inpleris</span> <span class='ocrx_word' id='word_1_212' title='bbox 1861 3948 2037 4004; x_wconf 59' lang='lat' dir='ltr'>runci?</span> 
     </span>
     <span class='ocr_line' id='line_1_43' title="bbox 635 4036 1985 4118; baseline -0.001 -21"><span class='ocrx_word' id='word_1_213' title='bbox 635 4038 779 4117; x_wconf 89' lang='lat' dir='ltr'>quid</span> <span class='ocrx_word' id='word_1_214' title='bbox 827 4037 1117 4118; x_wconf 89' lang='lat' dir='ltr'>proderat</span> <span class='ocrx_word' id='word_1_215' title='bbox 1164 4037 1395 4096; x_wconf 84' lang='lat' dir='ltr'>ditasse</span> <span class='ocrx_word' id='word_1_216' title='bbox 1444 4036 1769 4116; x_wconf 83' lang='lat' dir='ltr'>Paelignas</span> <span class='ocrx_word' id='word_1_217' title='bbox 1815 4055 1985 4096; x_wconf 57' lang='lat' dir='ltr'>anus„</span> 
     </span>
     <span class='ocr_line' id='line_1_44' title="bbox 635 4125 1688 4201; baseline 0 -17"><span class='ocrx_word' id='word_1_218' title='bbox 635 4126 984 4186; x_wconf 83' lang='lat' dir='ltr'>velociusve</span> <span class='ocrx_word' id='word_1_219' title='bbox 1030 4125 1348 4185; x_wconf 89' lang='lat' dir='ltr'>miscuisse</span> <span class='ocrx_word' id='word_1_220' title='bbox 1398 4125 1688 4201; x_wconf 84' lang='lat' dir='ltr'>toxicum,</span> 
     </span>
    </p>

    <p class='ocr_par' dir='ltr' id='par_1_19' title="bbox 633 4213 2077 4381">
     <span class='ocr_line' id='line_1_45' title="bbox 635 4213 1825 4274; baseline -0.001 -1"><span class='ocrx_word' id='word_1_221' title='bbox 635 4214 685 4273; x_wconf 87' lang='lat' dir='ltr'>si</span> <span class='ocrx_word' id='word_1_222' title='bbox 730 4213 999 4274; x_wconf 86' lang='lat' dir='ltr'>tardiora</span> <span class='ocrx_word' id='word_1_223' title='bbox 1046 4214 1172 4273; x_wconf 85' lang='lat' dir='ltr'>fata</span> <span class='ocrx_word' id='word_1_224' title='bbox 1219 4217 1278 4272; x_wconf 90' lang='lat' dir='ltr'>te</span> <span class='ocrx_word' id='word_1_225' title='bbox 1325 4214 1486 4273; x_wconf 81' lang='lat' dir='ltr'>votis</span> <span class='ocrx_word' id='word_1_226' title='bbox 1532 4213 1825 4274; x_wconf 79' lang='lat' dir='ltr'>manent?</span> 
     </span>
     <span class='ocr_line' id='line_1_46' title="bbox 633 4301 2077 4381; baseline -0.001 -19"><span class='ocrx_word' id='word_1_227' title='bbox 633 4302 877 4381; x_wconf 84' lang='lat' dir='ltr'>ingrata</span> <span class='ocrx_word' id='word_1_228' title='bbox 921 4303 1143 4363; x_wconf 90' lang='lat' dir='ltr'>misero</span> <span class='ocrx_word' id='word_1_229' title='bbox 1189 4302 1317 4362; x_wconf 80' lang='lat' dir='ltr'>vita</span> <span class='ocrx_word' id='word_1_230' title='bbox 1364 4301 1648 4362; x_wconf 89' lang='lat' dir='ltr'>ducenda</span> <span class='ocrx_word' id='word_1_231' title='bbox 1693 4308 1789 4362; x_wconf 92' lang='lat' dir='ltr'>est</span> <span class='ocrx_word' id='word_1_232' title='bbox 1832 4304 1893 4360; x_wconf 77' lang='lat' dir='ltr'>in</span> <span class='ocrx_word' id='word_1_233' title='bbox 1949 4304 2077 4372; x_wconf 43' lang='lat' dir='ltr'>hott-:2</span> 
     </span>
    </p>
   </div>
   <div class='ocr_carea' id='block_1_5' title="bbox 2369 243 2486 303">
    <p class='ocr_par' dir='ltr' id='par_1_20' title="bbox 2369 243 2486 303">
     <span class='ocr_line' id='line_1_47' title="bbox 2369 243 2486 303; baseline 0 0"><span class='ocrx_word' id='word_1_234' title='bbox 2369 243 2389 303; x_wconf 84' lang='grc'>1</span> <span class='ocrx_word' id='word_1_235' title='bbox 2405 243 2486 303; x_wconf 70' lang='lat'>[13</span> 
     </span>
    </p>
   </div>
   <div class='ocr_carea' id='block_1_6' title="bbox 2502 1839 2564 1887">
    <p class='ocr_par' dir='ltr' id='par_1_21' title="bbox 2502 1839 2564 1887">
     <span class='ocr_line' id='line_1_48' title="bbox 2502 1839 2564 1887; baseline 0.032 -5"><span class='ocrx_word' id='word_1_236' title='bbox 2502 1839 2564 1887; x_wconf 59' lang='lat' dir='ltr'>:fis</span> 
     </span>
    </p>
   </div>
   <div class='ocr_carea' id='block_1_7' title="bbox 2502 3160 2566 3204">
    <p class='ocr_par' dir='ltr' id='par_1_22' title="bbox 2502 3160 2566 3204">
     <span class='ocr_line' id='line_1_49' title="bbox 2502 3160 2566 3204; baseline -0.078 0"><span class='ocrx_word' id='word_1_237' title='bbox 2502 3160 2566 3204; x_wconf 46' lang='lat' dir='ltr'>spus!</span> 
     </span>
    </p>
   </div>
   <div class='ocr_carea' id='block_1_8' title="bbox 2502 3604 2566 3648">
    <p class='ocr_par' dir='ltr' id='par_1_23' title="bbox 2502 3604 2566 3648">
     <span class='ocr_line' id='line_1_50' title="bbox 2502 3604 2566 3648; baseline 0 0"><span class='ocrx_word' id='word_1_238' title='bbox 2502 3604 2566 3648; x_wconf 58' lang='lat' dir='ltr'>[ir]</span> 
     </span>
    </p>
   </div>
   <div class='ocr_carea' id='block_1_9' title="bbox 2502 4044 2566 4088">
    <p class='ocr_par' dir='ltr' id='par_1_24' title="bbox 2502 4044 2566 4088">
     <span class='ocr_line' id='line_1_51' title="bbox 2502 4044 2566 4088; baseline 0 -8"><span class='ocrx_word' id='word_1_239' title='bbox 2502 4044 2566 4088; x_wconf 62' lang='grc' dir='ltr'><strong>ι,“,ι]</strong></span> 
     </span>
    </p>
   </div>
  </div>
 </body>
</html>
