3059 4850
581 250 661 310 ΞΠ

1373 278 1616 322 ΗΟΒΑΤῙ
1643 277 1985 322 camanum

821 429 897 488 ab
942 426 1094 488 love
1138 425 1547 507 Neptunoque
1594 426 1752 486 sacri
1799 426 2051 486 custode
2101 425 2370 487 Tarenti.

995 515 1278 595 neglegis
1326 513 1622 576 inmeritis
1668 514 2005 574 nocituram

817 605 1134 684 postmodo
1177 609 1243 664 te
1289 603 1450 664 natis
1496 602 1773 663 fraudem
1819 602 2219 663 conmittere?
2271 603 2465 666 forset

908 693 1118 753 debita
1163 692 1301 752 iura
1345 691 1638 770 vicesque
1686 692 1988 771 superbae

817 839 879 894 te
924 836 1211 894 maneant
1253 833 1482 913 ipsum:
1531 831 1817 911 precibus
1863 850 1980 892 non
2028 831 2271 911 linquar
2314 831 2549 908 inultis,

992 928 1175 1001 teque
1222 921 1464 1003 piacula
1507 919 1678 980 nulla
1723 919 2050 980 resolvent.

816 1029 1180 1090 quamquam
1228 1009 1504 1084 festinas,
1552 1027 1671 1068 non
1719 1014 1817 1068 est
1862 1027 2032 1069 mora
2075 1009 2295 1088 longa3
2342 1007 2555 1069 licebit

989 1098 1208 1159 iniecto
1255 1103 1353 1158 ter
1398 1096 1654 1179 pulvere
1700 1115 1927 1157 curras.

1543 1472 1801 1544 XXIX.

1040 1644 1186 1719 Icci,
1229 1643 1427 1705 beatis
1471 1663 1632 1704 nunc
1680 1643 1949 1705 Arabum
1992 1644 2235 1706 invides

1042 1732 1212 1814 gazis
1258 1738 1322 1793 et
1367 1751 1570 1793 acrem
1616 1732 1891 1792 militiam
1937 1751 2123 1814 paras

1128 1840 1248 1881 non
1294 1826 1439 1881 ante
1485 1821 1741 1880 devictis
1788 1819 2061 1881 Sabaeae

1216 1909 1483 1988 regibus,
1533 1908 1927 1988 horribilique
1974 1909 2158 1970 Medo

1037 2049 1232 2111 uectis
1279 2050 1573 2111 catenas?
1619 2069 1779 2129 quae
1827 2050 1936 2110 tibi
1982 2050 2292 2129 virginum

1040 2157 1261 2220 sponso
1308 2143 1522 2199 necato
1567 2140 1830 2200 barbara
1876 2139 2149 2199 serviet?
2213 2175 2220 2186 ·

1126 2245 1280 2307 puer
1324 2227 1461 2306 quis
1507 2246 1591 2287 ex
1636 2228 1777 2287 aula
1821 2226 2057 2308 capillis

1215 2316 1294 2375 ad
1343 2315 1633 2396 cyathum
1682 2321 1987 2376 statuetur
2034 2314 2253 2390 unctis,

1041 2456 1256 2517 doctus
1301 2457 1561 2535 sagittas
1608 2457 1863 2516 tendere
1910 2452 2165 2517 Sericas'

1039 2563 1182 2605 arcu
1230 2541 1532 2624 paterno?
1581 2546 1718 2624 quis
1766 2550 1951 2624 neget
1996 2546 2209 2605 arduis

1125 2652 1348 2714 pronos
1393 2632 1589 2694 relabi
1635 2652 1815 2713 posse
1861 2633 2028 2693 rivos

1214 2721 1517 2781 montibus
1565 2726 1630 2782 et
1676 2720 1941 2782 Tiberim
1987 2722 2236 2798 reverti,

1037 2881 1173 2923 cum
1222 2867 1286 2922 tu
1333 2866 1640 2944 coemptos
1687 2862 1956 2943 undique
2002 2862 2222 2923 nobilis

1036 2949 1224 3011 libros
1270 2950 1526 3012 Panaeti
1576 2950 1945 3012 Socraticam
1992 2961 2055 3011 et.
2101 2952 2345 3012 domum

1123 3042 1361 3099 mutare
1406 3039 1611 3099 loricis
1660 3039 1923 3115 Hiberis,

1211 3128 1521 3208 pollicitus
1572 3128 1837 3202 meliora,
1885 3128 2126 3189 tendis?

1550 3504 1773 3575 XXX.

983 3673 1034 3735 Ο
1079 3674 1311 3751 VenuS,
1359 3675 1573 3755 regina
1620 3674 1797 3738 Cnidi
1842 3675 2171 3756 Paphique,

981 3782 1200 3844 sperne
1249 3764 1532 3825 dilectam
1581 3762 1825 3846 Cypron
1873 3770 1938 3824 et
1983 3764 2260 3826 vocantis

980 3856 1118 3912 ture
1165 3857 1227 3912 te
1274 3853 1464 3913 multo
1513 3850 1835 3933 Glycerae·
1870 3854 2153 3913 decoram

1158 3942 1422 4000 transfer
1466 3941 1528 4000 in
1577 3942 1809 4001 aedem.

979 4080 1255 4142 fervidus
1301 4085 1500 4143 tecum
1547 4103 1701 4163 puer
1745 4087 1810 4143 et
1855 4082 2071 4142 solutis

981 4166 1236 4231 Gratiae
1283 4171 1448 4230 zonis
1494 4176 1949 4252 properentque
1995 4169 2322 4250 Nymphae

978 4265 1044 4318 et
1087 4277 1302 4339 parum
1347 4261 1532 4319 comis
1581 4262 1711 4320 sine
1759 4264 1823 4320 te
1869 4259 2165 4319 Iuventas

1155 4346 1644 4429 Mercuriusque.
