3059 4850
539 272 541 275 “
601 269 836 316 LlB.1v.1x-xr.

691 422 735 492 X.

259 559 285 619 0
310 559 443 643 erudelis
467 559 567 619 adhue
592 564 624 618 et
648 558 780 619 Veneris
804 560 981 621 muneribus
1006 563 1124 642 potens,

259 649 415 729 insperata
438 652 509 707 tuae
532 666 601 707 curn
624 648 730 707 veniet
753 648 856 728 pluma
880 649 1043 729 superbiae

258 740 299 809 at,
321 755 400 815 quae
423 755 504 795 nuno
528 735 642 795 umeris
666 735 838 811 incolitant,
863 737 1035 798 deciderint
1057 756 1169 811 comae,

257 844 336 886 nunc
358 829 391 885 et
413 825 465 904 qui
488 823 570 884 color
593 829 642 884 est
665 825 812 904 puniceae
835 823 911 885 flore
934 826 1019 905 prior
1041 845 1140 900 rosae,

257 971 393 1026 mutatus
416 963 595 1044 Ligurinum
620 964 651 1024 in
674 964 783 1026 faciem
808 966 938 1027 verterit
960 966 1122 1048 hispidam,

258 1055 354 1114 dices:
378 1053 484 1128 „heu“‚
507 1053 650 1133 quotiens
674 1058 706 1114 te
730 1054 856 1134 speculo
881 1055 995 1115 videris
1019 1055 1157 1130 alterum,

257 1161 354 1222 „quae
378 1160 463 1202 mens
487 1152 534 1201 eat
558 1142 655 1217 hodie,
680 1162 735 1202 cur
757 1144 865 1203 eadem
889 1162 948 1203 non
972 1163 1067 1224 puero
1090 1144 1156 1215 suit,

257 1231 308 1291 vel
331 1249 385 1291 cur
408 1230 454 1289 his
478 1230 587 1290 animia
611 1231 778 1291 incolumes
800 1251 860 1292 non
884 1233 1014 1292 redeunt
1036 1233 1175 1311 genae?“

686 1498 748 1569 Xl.

372 1634 429 1696 Est
450 1634 524 1695 mihi
547 1655 659 1696 nonum
682 1636 856 1716 superantis
879 1655 991 1698 annum

371 1723 480 1804 plenus
505 1723 616 1783 Albani
639 1724 744 1797 cadus,
769 1729 817 1785 est
839 1724 871 1784 in
894 1726 990 1802 horto,

372 1811 483 1892 Phylli,
507 1812 667 1872 nectendis
690 1812 793 1893 apium
816 1815 944 1888 coronis,

385 1955 386 1958 ,
460 1902 508 1960 est
531 1900 665 1961 hederae
688 1902 736 1959 vis

371 2042 474 2116 multa,
498 2060 559 2120 qua
581 2041 675 2102 crinis
699 2042 829 2122 religata
850 2043 969 2123 fulges3

372 2130 451 2190 ridet
473 2136 604 2209 argente
628 2132 744 2206 domus,
769 2150 823 2192 ara
846 2132 939 2192 castis

371 2218 474 2279 vincta
495 2220 639 2280 verbenis
663 2224 735 2279 avet
758 2219 901 2280 inmolato

459 2308 599 2388 spargier
621 2326 713 2386 agn0;

371 2455 480 2509 cuncta
502 2449 628 2509 festinat
648 2468 766 2523 manua,
791 2450 849 2510 huc
872 2455 904 2510 et
926 2450 998 2511 illuc

371 2537 518 2598 cursitant
540 2537 656 2598 mixtae
679 2538 783 2618 pueris
806 2538 945 2618 puellae3

371 2626 527 2687 sordidum
549 2625 688 2687 flammae
711 2626 869 2707 trepidant
890 2630 1027 2688 rotantes

458 2714 574 2775 vertice
598 2715 722 2774 fumum.

371 2859 404 2915 ut
426 2859 529 2916 tamen
552 2855 643 2926 noris,
667 2856 778 2934 quibus
801 2856 962 2918 advoceris

369 2945 502 3023 gaudiis:
526 2942 602 3004 Idus
626 2944 681 3005 tibi
706 2951 780 3005 sunt
801 2945 951 3025 agendae,

369 3032 419 3111 qui
433 3033 510 3102 ‚dies
533 3051 669 3092 mensem
692 3031 824 3093 Veneris
846 3033 983 3094 marinae

457 3120 546 3182 findit
569 3121 715 3201 Aprilem,

369 3263 434 3321 iure
458 3263 613 3323 sollemnis
636 3262 710 3322 mihi
733 3263 926 3343 sanctiorque

268 3342 270 3346 ’
368 3370 466 3431 paene
489 3351 583 3412 natali
606 3350 738 3431 proprio,
760 3352 842 3431 quod
865 3370 905 3410 ex
929 3352 986 3411 hac

370 3439 437 3499 luce
460 3439 624 3500 Maecenas
646 3458 733 3500 meus
756 3439 923 3500 adfluentis

457 3528 577 3588 ordinat
599 3546 701 3588 annos.

370 3668 547 3749 Telephum,
571 3687 661 3747 quem
685 3672 719 3728 tu
741 3668 831 3749 petis,
852 3669 1015 3749 occupavit

369 3776 427 3817 non
451 3764 522 3818 tuae
546 3757 640 3817 sortis
661 3757 804 3817 iuvenem
826 3756 929 3837 puella

369 3845 457 3906 dives
481 3850 513 3906 et
535 3845 652 3906 lasciva
674 3851 822 3924 tenetque
844 3849 935 3925 grata

458 3935 595 4014 conpede
618 3934 761 3994 vinctum.

369 4079 465 4134 terret
487 4076 645 4135 ambustus
668 4073 828 4135 Pha'e'thon
851 4093 960 4135 avaras
1022 4074 1028 4083 '

368 4181 448 4242 apos,
472 4168 503 4222 et
526 4163 700 4243 exemplum
724 4182 820 4242 grave
843 4165 971 4244 praehet
992 4165 1057 4225 ales

368 4250 505 4331 Pegasus
528 4256 682 4311 terrenum
706 4251 841 4330 equitem
864 4256 1013 4332 gravatus

455 4337 721 4420 Bellerophonten,

191 4445 290 4495 Horati
305 4448 418 4495 earmina.
