3059 4850
701 267 813 302 v111-x.

391 407 607 488 hostiliumque
632 411 754 470 navium
778 418 868 492 portu
892 413 989 476 latent

476 516 594 577 puppes
618 498 826 560 sinistrorsum
849 502 935 563 citae.

389 585 416 644 io
441 583 615 666 Triumphe,
639 595 672 647 tu
695 589 823 648 moraris
846 608 956 651 aureos

476 692 584 733 currus
608 679 640 734 et
662 675 793 736 intactas
817 678 933 738 boves?

388 760 416 821 io
441 759 616 843 Triumphe,
638 783 695 823 nec
718 763 903 842 Iugurthino
926 786 1030 849 parem

476 851 556 910 bello
579 852 740 930 reportasti
764 854 873 915 ducem

389 957 485 1017 neque
508 937 645 999 Africani
668 940 716 1001 oui
739 960 832 1022 super
856 940 1072 1023 Carthaginem

476 1027 573 1087 virtus
596 1029 771 1109 sepulcrum
795 1031 940 1092 condidit.

388 1122 470 1175 terra
491 1116 630 1195 marique
653 1117 753 1177 victus
778 1119 874 1178 hostis
896 1120 1005 1200 punico

476 1203 607 1282 lugubre
631 1206 762 1266 mutavit
786 1225 904 1286 sagum.

388 1297 439 1351 aut
461 1291 513 1352 ille
537 1300 659 1352 centum
683 1294 815 1354 nobilem
839 1292 962 1357 Cretam
985 1298 1119 1373 urbibus,

474 1381 576 1441 ventis
598 1381 698 1442 iturus
720 1401 780 1442 nou
805 1383 877 1458 suis,

388 1469 574 1530 exercitatas
597 1475 651 1530 aut
673 1471 751 1550 petit
775 1472 878 1552 Syrtis
901 1472 991 1548 Noto,

475 1562 529 1617 aut
550 1559 649 1618 fertur
671 1560 787 1619 incerto
811 1561 895 1620 mari.

388 1645 561 1726 capaciores
584 1647 671 1706 adfer
695 1648 763 1722 huc,
787 1667 872 1728 puer,
896 1649 1029 1730 scyphos

474 1743 506 1794 et
528 1731 606 1795 Chia
628 1735 700 1795 vina
722 1740 776 1795 aut
798 1735 918 1811 Lesbia,

387 1821 447 1896 vel,
469 1823 551 1902 quod
574 1821 719 1883 fluentem
742 1844 889 1886 nauseam
912 1835 1060 1902 coerceat,

473 1911 581 1971 metire
604 1912 691 1972 nobis
715 1910 897 1975 Caecubum.

387 2015 491 2058 curam
515 2011 689 2080 metumque
712 1998 854 2062 Caesarie
877 2022 979 2064 rerum
1002 2002 1088 2062 iuvat

475 2086 556 2147 dulci
579 2086 684 2169 Lyaeo
707 2091 837 2151 solvere.

734 2464 778 2535 X.

412 2651 497 2714 Mala
520 2653 621 2715 soluta
643 2654 732 2714 navis
755 2654 821 2714 exit
843 2654 925 2730 alite,

500 2742 602 2802 ferens
625 2744 758 2803 olentem
781 2742 947 2803 Maevium.

412 2833 446 2888 ut
467 2829 599 2891 horridis
622 2836 788 2911 utrumque
811 2832 958 2891 verberes
981 2831 1070 2907 latus,

500 2918 624 2994 Auster,
647 2924 800 2979 memento
822 2918 980 2995 fluctibus,

411 3006 500 3085 niger
523 3008 664 3069 rudentis
687 3008 791 3067 Eurus
814 3007 937 3068 inverso
960 3007 1036 3068 mari

498 3095 673 3176 fractosque
696 3115 796 3155 remos
821 3094 956 3172 differat3

411 3182 550 3262 insurgat
574 3184 695 3264 Aquilo,
718 3189 851 3264 quantus
874 3185 943 3245 altis
967 3185 1118 3245 montibus

498 3272 614 3352 frangit
638 3279 798 3333 trementis
822 3272 923 3348 ilices3

411 3378 467 3421 nec
490 3361 575 3420 sidus
598 3367 665 3421 atre
687 3369 778 3422 nocte
801 3361 930 3421 amicum
954 3362 1110 3441 adpareat,

499 3469 559 3528 qua
582 3449 678 3510 tristis
702 3448 796 3511 Orion
820 3450 916 3525 cadit,

411 3536 559 3616 quietiore
582 3557 638 3598 nee
661 3540 778 3598 seratur
801 3556 943 3617 aequore,

498 3645 589 3705 quam
613 3623 709 3687 Graia
732 3626 882 3686 victorum
904 3645 1021 3700 manus,

410 3732 478 3773 cum
500 3712 603 3775 Pallas
625 3720 695 3776 usto
718 3716 814 3775 vertit
835 3715 909 3775 iram
933 3715 971 3775 ab
994 3714 1052 3774 llio

497 3802 528 3862 in
551 3802 664 3884 inpiam
688 3803 791 3864 Aiacis
814 3801 925 3863 ratem!

410 3909 427 3950 o
450 3896 582 3970 quantus
605 3891 699 3952 instat
720 3889 833 3952 navitis
857 3890 951 3951 sudor
973 3890 1042 3965 tuis,

498 3979 613 4059 tibique
636 3981 733 4061 pallor
756 3980 858 4039 luteus

409 4072 441 4127 et
463 4066 515 4129 illa
538 4088 599 4129 non
622 4069 719 4129 virilis
743 4067 876 4139 eiulatia

496 4175 605 4237 preces
628 4163 661 4216 et
682 4176 827 4216 aversum
849 4156 888 4216 ad
912 4154 1028 4230 Iovem,

409 4241 513 4305 Ionius
537 4245 596 4305 udo
620 4264 688 4306 oum
711 4244 887 4322 remugiens
910 4243 996 4304 sinus

496 4332 575 4394 Noto
599 4332 732 4394 carinam
755 4333 885 4413 ruperit!

242 4449 337 4495 Horati
352 4451 468 4494 earmma.
