<?xml version="1.0" encoding="UTF-8"?>
<!DOCTYPE html PUBLIC "-//W3C//DTD XHTML 1.0 Transitional//EN"
    "http://www.w3.org/TR/xhtml1/DTD/xhtml1-transitional.dtd">
<html xmlns="http://www.w3.org/1999/xhtml" xml:lang="en" lang="en">
 <head>
  <title>
</title>
<meta http-equiv="Content-Type" content="text/html;charset=utf-8" />
  <meta name='ocr-system' content='tesseract 3.04.00' />
  <meta name='ocr-capabilities' content='ocr_page ocr_carea ocr_par ocr_line ocrx_word'/>
</head>
<body>
  <div class='ocr_page' id='page_1' title='image "./odenundepoden01horagoog_0026.png"; bbox 0 0 3059 4850; ppageno 0'>
   <div class='ocr_carea' id='block_1_1' title="bbox 722 300 1026 344">
    <p class='ocr_par' dir='ltr' id='par_1_1' title="bbox 722 300 1026 344">
     <span class='ocr_line' id='line_1_1' title="bbox 722 300 1026 344; baseline 0.007 -2"><span class='ocrx_word' id='word_1_1' title='bbox 722 300 840 342; x_wconf 71' lang='lat' dir='ltr'>Hortari</span> <span class='ocrx_word' id='word_1_2' title='bbox 857 301 1026 344; x_wconf 78' lang='lat' dir='ltr'>OARMlNUM</span> 
     </span>
    </p>
   </div>
   <div class='ocr_carea' id='block_1_2' title="bbox 568 448 1222 792">
    <p class='ocr_par' dir='ltr' id='par_1_2' title="bbox 568 448 1222 792">
     <span class='ocr_line' id='line_1_2' title="bbox 568 448 1110 527; baseline 0.002 -21"><span class='ocrx_word' id='word_1_3' title='bbox 568 448 599 506; x_wconf 90' lang='lat' dir='ltr'>di</span> <span class='ocrx_word' id='word_1_4' title='bbox 623 467 670 505; x_wconf 90' lang='lat' dir='ltr'>me</span> <span class='ocrx_word' id='word_1_5' title='bbox 695 451 825 519; x_wconf 87' lang='lat' dir='ltr'>tuentur,</span> <span class='ocrx_word' id='word_1_6' title='bbox 851 448 897 506; x_wconf 90' lang='lat' dir='ltr'>dis</span> <span class='ocrx_word' id='word_1_7' title='bbox 920 448 1018 527; x_wconf 90' lang='lat' dir='ltr'>pietas</span> <span class='ocrx_word' id='word_1_8' title='bbox 1042 467 1110 507; x_wconf 83' lang='lat' dir='ltr'>mea</span> 
     </span>
     <span class='ocr_line' id='line_1_3' title="bbox 568 536 1161 616; baseline 0.003 -22"><span class='ocrx_word' id='word_1_9' title='bbox 568 542 599 594; x_wconf 90' lang='lat' dir='ltr'>et</span> <span class='ocrx_word' id='word_1_10' title='bbox 624 536 712 593; x_wconf 62' lang='lat' dir='ltr'>illusa</span> <span class='ocrx_word' id='word_1_11' title='bbox 736 536 819 594; x_wconf 92' lang='lat' dir='ltr'>cordi</span> <span class='ocrx_word' id='word_1_12' title='bbox 844 545 900 595; x_wconf 89' lang='lat' dir='ltr'>est.</span> <span class='ocrx_word' id='word_1_13' title='bbox 925 537 974 595; x_wconf 91' lang='lat' dir='ltr'>hio</span> <span class='ocrx_word' id='word_1_14' title='bbox 997 537 1051 596; x_wconf 87' lang='lat' dir='ltr'>tibi</span> <span class='ocrx_word' id='word_1_15' title='bbox 1076 536 1161 616; x_wconf 90' lang='lat' dir='ltr'>copia</span> 
     </span>
     <span class='ocr_line' id='line_1_4' title="bbox 623 623 1121 703; baseline 0.006 -22"><span class='ocrx_word' id='word_1_16' title='bbox 623 624 756 683; x_wconf 79' lang='lat' dir='ltr'>manabit</span> <span class='ocrx_word' id='word_1_17' title='bbox 780 624 818 682; x_wconf 93' lang='lat' dir='ltr'>ad</span> <span class='ocrx_word' id='word_1_18' title='bbox 842 623 964 702; x_wconf 89' lang='lat' dir='ltr'>plenum</span> <span class='ocrx_word' id='word_1_19' title='bbox 989 624 1121 703; x_wconf 80' lang='lat' dir='ltr'>benigno</span> 
     </span>
     <span class='ocr_line' id='line_1_5' title="bbox 672 712 1222 792; baseline 0.004 -23"><span class='ocrx_word' id='word_1_20' title='bbox 672 712 752 771; x_wconf 89' lang='lat' dir='ltr'>ruris</span> <span class='ocrx_word' id='word_1_21' title='bbox 777 712 921 771; x_wconf 89' lang='lat' dir='ltr'>honorum</span> <span class='ocrx_word' id='word_1_22' title='bbox 946 714 1090 792; x_wconf 87' lang='lat' dir='ltr'>opulenta</span> <span class='ocrx_word' id='word_1_23' title='bbox 1114 732 1222 791; x_wconf 77' lang='lat' dir='ltr'>cornu3</span> 
     </span>
    </p>
   </div>
   <div class='ocr_carea' id='block_1_3' title="bbox 568 851 1205 1197">
    <p class='ocr_par' dir='ltr' id='par_1_3' title="bbox 568 851 1205 1197">
     <span class='ocr_line' id='line_1_6' title="bbox 568 851 1115 914; baseline 0.004 -3"><span class='ocrx_word' id='word_1_24' title='bbox 568 852 616 912; x_wconf 87' lang='lat' dir='ltr'>hio</span> <span class='ocrx_word' id='word_1_25' title='bbox 640 853 670 911; x_wconf 91' lang='lat' dir='ltr'>in</span> <span class='ocrx_word' id='word_1_26' title='bbox 694 853 822 911; x_wconf 88' lang='lat' dir='ltr'>reducta</span> <span class='ocrx_word' id='word_1_27' title='bbox 845 853 926 912; x_wconf 86' lang='lat' dir='ltr'>valle</span> <span class='ocrx_word' id='word_1_28' title='bbox 951 851 1115 914; x_wconf 78' lang='lat' dir='ltr'>Caniculae</span> 
     </span>
     <span class='ocr_line' id='line_1_7' title="bbox 568 940 1042 1000; baseline 0.004 -2"><span class='ocrx_word' id='word_1_29' title='bbox 568 941 678 1000; x_wconf 77' lang='lat' dir='ltr'>vitabis</span> <span class='ocrx_word' id='word_1_30' title='bbox 703 947 807 1000; x_wconf 84' lang='lat' dir='ltr'>aestas</span> <span class='ocrx_word' id='word_1_31' title='bbox 830 948 860 1000; x_wconf 91' lang='lat' dir='ltr'>et</span> <span class='ocrx_word' id='word_1_32' title='bbox 883 940 943 1000; x_wconf 88' lang='lat' dir='ltr'>fide</span> <span class='ocrx_word' id='word_1_33' title='bbox 967 941 1042 1000; x_wconf 87' lang='lat' dir='ltr'>Teia</span> 
     </span>
     <span class='ocr_line' id='line_1_8' title="bbox 623 1029 1035 1089; baseline 0 -1"><span class='ocrx_word' id='word_1_34' title='bbox 623 1029 706 1089; x_wconf 89' lang='lat' dir='ltr'>dices</span> <span class='ocrx_word' id='word_1_35' title='bbox 731 1030 897 1089; x_wconf 78' lang='lat' dir='ltr'>laborantis</span> <span class='ocrx_word' id='word_1_36' title='bbox 922 1030 950 1089; x_wconf 90' lang='lat' dir='ltr'>in</span> <span class='ocrx_word' id='word_1_37' title='bbox 976 1049 1035 1088; x_wconf 90' lang='lat' dir='ltr'>uno</span> 
     </span>
     <span class='ocr_line' id='line_1_9' title="bbox 673 1115 1205 1197; baseline 0.002 -22"><span class='ocrx_word' id='word_1_38' title='bbox 673 1117 847 1197; x_wconf 81' lang='lat' dir='ltr'>Penelopen</span> <span class='ocrx_word' id='word_1_39' title='bbox 872 1117 1060 1195; x_wconf 80' lang='lat' dir='ltr'>vitreamque</span> <span class='ocrx_word' id='word_1_40' title='bbox 1085 1115 1205 1192; x_wconf 83' lang='lat' dir='ltr'>Circen;</span> 
     </span>
    </p>
   </div>
   <div class='ocr_carea' id='block_1_4' title="bbox 568 1257 1218 1602">
    <p class='ocr_par' dir='ltr' id='par_1_4' title="bbox 568 1257 1218 1602">
     <span class='ocr_line' id='line_1_10' title="bbox 568 1257 1064 1338; baseline 0 -22"><span class='ocrx_word' id='word_1_41' title='bbox 568 1257 615 1316; x_wconf 88' lang='lat' dir='ltr'>hio</span> <span class='ocrx_word' id='word_1_42' title='bbox 638 1258 807 1317; x_wconf 86' lang='lat' dir='ltr'>innocentis</span> <span class='ocrx_word' id='word_1_43' title='bbox 831 1259 939 1338; x_wconf 89' lang='lat' dir='ltr'>pocula</span> <span class='ocrx_word' id='word_1_44' title='bbox 963 1258 1064 1317; x_wconf 86' lang='lat' dir='ltr'>Lesbii</span> 
     </span>
     <span class='ocr_line' id='line_1_11' title="bbox 568 1346 1154 1421; baseline 0 -17"><span class='ocrx_word' id='word_1_45' title='bbox 568 1346 661 1404; x_wconf 90' lang='lat' dir='ltr'>duces</span> <span class='ocrx_word' id='word_1_46' title='bbox 686 1348 740 1405; x_wconf 90' lang='lat' dir='ltr'>sub</span> <span class='ocrx_word' id='word_1_47' title='bbox 765 1348 881 1421; x_wconf 90' lang='lat' dir='ltr'>umbra,</span> <span class='ocrx_word' id='word_1_48' title='bbox 906 1366 961 1405; x_wconf 93' lang='lat' dir='ltr'>nec</span> <span class='ocrx_word' id='word_1_49' title='bbox 986 1346 1154 1407; x_wconf 82' lang='lat' dir='ltr'>Semeleius</span> 
     </span>
     <span class='ocr_line' id='line_1_12' title="bbox 623 1434 1193 1515; baseline -0.002 -22"><span class='ocrx_word' id='word_1_50' title='bbox 623 1453 690 1493; x_wconf 81' lang='lat' dir='ltr'>oiim</span> <span class='ocrx_word' id='word_1_51' title='bbox 714 1434 815 1495; x_wconf 83' lang='lat' dir='ltr'>Marte</span> <span class='ocrx_word' id='word_1_52' title='bbox 841 1436 1004 1494; x_wconf 81' lang='lat' dir='ltr'>confundet</span> <span class='ocrx_word' id='word_1_53' title='bbox 1029 1434 1193 1515; x_wconf 81' lang='lat' dir='ltr'>Thyoneus</span> 
     </span>
     <span class='ocr_line' id='line_1_13' title="bbox 674 1523 1218 1602; baseline 0 -21"><span class='ocrx_word' id='word_1_54' title='bbox 674 1523 796 1602; x_wconf 89' lang='lat' dir='ltr'>proelia,</span> <span class='ocrx_word' id='word_1_55' title='bbox 819 1542 875 1581; x_wconf 91' lang='lat' dir='ltr'>nec</span> <span class='ocrx_word' id='word_1_56' title='bbox 898 1530 1017 1582; x_wconf 90' lang='lat' dir='ltr'>metues</span> <span class='ocrx_word' id='word_1_57' title='bbox 1040 1531 1218 1602; x_wconf 88' lang='lat' dir='ltr'>protervum</span> 
     </span>
    </p>
   </div>
   <div class='ocr_carea' id='block_1_5' title="bbox 567 1662 1212 2006">
    <p class='ocr_par' dir='ltr' id='par_1_5' title="bbox 567 1662 1212 2006">
     <span class='ocr_line' id='line_1_14' title="bbox 567 1662 1161 1742; baseline 0.002 -22"><span class='ocrx_word' id='word_1_58' title='bbox 567 1668 710 1742; x_wconf 86' lang='lat' dir='ltr'>suspecta</span> <span class='ocrx_word' id='word_1_59' title='bbox 734 1662 857 1741; x_wconf 83' lang='lat' dir='ltr'>Cyrum,</span> <span class='ocrx_word' id='word_1_60' title='bbox 882 1684 920 1722; x_wconf 91' lang='lat' dir='ltr'>ne</span> <span class='ocrx_word' id='word_1_61' title='bbox 944 1664 1022 1723; x_wconf 89' lang='lat' dir='ltr'>male</span> <span class='ocrx_word' id='word_1_62' title='bbox 1048 1664 1161 1742; x_wconf 83' lang='lat' dir='ltr'>dispari</span> 
     </span>
     <span class='ocr_line' id='line_1_15' title="bbox 568 1751 1040 1825; baseline 0 -16"><span class='ocrx_word' id='word_1_63' title='bbox 568 1751 782 1811; x_wconf 76' lang='lat' dir='ltr'>incontinentis</span> <span class='ocrx_word' id='word_1_64' title='bbox 806 1752 910 1825; x_wconf 81' lang='lat' dir='ltr'>iniciat</span> <span class='ocrx_word' id='word_1_65' title='bbox 933 1771 1040 1812; x_wconf 91' lang='lat' dir='ltr'>manus</span> 
     </span>
     <span class='ocr_line' id='line_1_16' title="bbox 622 1840 1160 1900; baseline -0.002 -1"><span class='ocrx_word' id='word_1_66' title='bbox 622 1852 652 1899; x_wconf 88' lang='lat' dir='ltr'>et</span> <span class='ocrx_word' id='word_1_67' title='bbox 676 1840 795 1899; x_wconf 88' lang='lat' dir='ltr'>scindat</span> <span class='ocrx_word' id='word_1_68' title='bbox 818 1840 994 1900; x_wconf 89' lang='lat' dir='ltr'>haerentem</span> <span class='ocrx_word' id='word_1_69' title='bbox 1018 1859 1160 1899; x_wconf 87' lang='lat' dir='ltr'>coronam</span> 
     </span>
     <span class='ocr_line' id='line_1_17' title="bbox 673 1928 1212 2006; baseline -0.002 -19"><span class='ocrx_word' id='word_1_70' title='bbox 673 1928 807 1987; x_wconf 81' lang='lat' dir='ltr'>crinibus</span> <span class='ocrx_word' id='word_1_71' title='bbox 830 1928 1062 2006; x_wconf 85' lang='lat' dir='ltr'>inmeritamque</span> <span class='ocrx_word' id='word_1_72' title='bbox 1087 1934 1212 1987; x_wconf 73' lang='lat' dir='ltr'>vestem,</span> 
     </span>
    </p>
   </div>
   <div class='ocr_carea' id='block_1_6' title="bbox 806 2144 936 2214">
    <p class='ocr_par' dir='ltr' id='par_1_6' title="bbox 806 2144 936 2214">
     <span class='ocr_line' id='line_1_18' title="bbox 806 2144 936 2214; baseline -0.015 -1"><span class='ocrx_word' id='word_1_73' title='bbox 806 2144 936 2214; x_wconf 87' lang='lat' dir='ltr'><strong>XVIII.</strong></span> 
     </span>
    </p>
   </div>
   <div class='ocr_carea' id='block_1_7' title="bbox 371 2276 1230 2431">
    <p class='ocr_par' dir='ltr' id='par_1_7' title="bbox 371 2276 1230 2431">
     <span class='ocr_line' id='line_1_19' title="bbox 371 2276 1230 2360; baseline 0.002 -23"><span class='ocrx_word' id='word_1_74' title='bbox 371 2276 504 2349; x_wconf 86' lang='lat' dir='ltr'>Nullam,</span> <span class='ocrx_word' id='word_1_75' title='bbox 528 2279 618 2353; x_wconf 91' lang='lat' dir='ltr'>Vare,</span> <span class='ocrx_word' id='word_1_76' title='bbox 644 2299 731 2355; x_wconf 87' lang='lat' dir='ltr'>sacra</span> <span class='ocrx_word' id='word_1_77' title='bbox 755 2281 817 2340; x_wconf 85' lang='lat' dir='ltr'>vite</span> <span class='ocrx_word' id='word_1_78' title='bbox 842 2281 925 2360; x_wconf 87' lang='lat' dir='ltr'>prius</span> <span class='ocrx_word' id='word_1_79' title='bbox 949 2281 1067 2341; x_wconf 87' lang='lat' dir='ltr'>severis</span> <span class='ocrx_word' id='word_1_80' title='bbox 1093 2282 1230 2340; x_wconf 90' lang='lat' dir='ltr'>arborem</span> 
     </span>
     <span class='ocr_line' id='line_1_20' title="bbox 373 2366 1139 2431; baseline 0.003 -4"><span class='ocrx_word' id='word_1_81' title='bbox 373 2366 453 2427; x_wconf 88' lang='lat' dir='ltr'>circa</span> <span class='ocrx_word' id='word_1_82' title='bbox 477 2367 548 2427; x_wconf 92' lang='lat' dir='ltr'>mite</span> <span class='ocrx_word' id='word_1_83' title='bbox 573 2368 669 2428; x_wconf 90' lang='lat' dir='ltr'>solum</span> <span class='ocrx_word' id='word_1_84' title='bbox 693 2367 816 2428; x_wconf 80' lang='lat' dir='ltr'>Tiburis</span> <span class='ocrx_word' id='word_1_85' title='bbox 840 2377 871 2429; x_wconf 88' lang='lat' dir='ltr'>ot</span> <span class='ocrx_word' id='word_1_86' title='bbox 896 2369 1013 2430; x_wconf 89' lang='lat' dir='ltr'>moenia</span> <span class='ocrx_word' id='word_1_87' title='bbox 1038 2368 1139 2431; x_wconf 81' lang='lat' dir='ltr'>Catili!</span> 
     </span>
    </p>
   </div>
   <div class='ocr_carea' id='block_1_8' title="bbox 373 2456 1185 2624">
    <p class='ocr_par' dir='ltr' id='par_1_8' title="bbox 373 2456 1185 2624">
     <span class='ocr_line' id='line_1_21' title="bbox 373 2456 1185 2538; baseline 0.006 -25"><span class='ocrx_word' id='word_1_88' title='bbox 373 2456 460 2516; x_wconf 90' lang='lat' dir='ltr'>siccis</span> <span class='ocrx_word' id='word_1_89' title='bbox 484 2456 583 2516; x_wconf 90' lang='lat' dir='ltr'>omnia</span> <span class='ocrx_word' id='word_1_90' title='bbox 606 2476 674 2516; x_wconf 89' lang='lat' dir='ltr'>nam</span> <span class='ocrx_word' id='word_1_91' title='bbox 699 2459 775 2517; x_wconf 87' lang='lat' dir='ltr'>dura</span> <span class='ocrx_word' id='word_1_92' title='bbox 799 2458 874 2517; x_wconf 88' lang='lat' dir='ltr'>deus</span> <span class='ocrx_word' id='word_1_93' title='bbox 897 2459 1061 2538; x_wconf 89' lang='lat' dir='ltr'>proposuit,</span> <span class='ocrx_word' id='word_1_94' title='bbox 1086 2478 1185 2537; x_wconf 91' lang='lat' dir='ltr'>neque</span> 
     </span>
     <span class='ocr_line' id='line_1_22' title="bbox 373 2543 1084 2624; baseline 0.004 -21"><span class='ocrx_word' id='word_1_95' title='bbox 373 2545 530 2604; x_wconf 78' lang='lat' dir='ltr'>mordaces</span> <span class='ocrx_word' id='word_1_96' title='bbox 555 2545 643 2615; x_wconf 87' lang='lat' dir='ltr'>aliter</span> <span class='ocrx_word' id='word_1_97' title='bbox 667 2543 831 2624; x_wconf 85' lang='lat' dir='ltr'>diffugiunt</span> <span class='ocrx_word' id='word_1_98' title='bbox 855 2546 1084 2606; x_wconf 81' lang='lat' dir='ltr'>sollicitudines.</span> 
     </span>
    </p>
   </div>
   <div class='ocr_carea' id='block_1_9' title="bbox 372 2685 1375 3031">
    <p class='ocr_par' dir='ltr' id='par_1_9' title="bbox 372 2685 1375 2940">
     <span class='ocr_line' id='line_1_23' title="bbox 372 2685 1371 2767; baseline 0.004 -24"><span class='ocrx_word' id='word_1_99' title='bbox 372 2685 440 2764; x_wconf 89' lang='lat' dir='ltr'>quis</span> <span class='ocrx_word' id='word_1_100' title='bbox 463 2691 531 2764; x_wconf 93' lang='lat' dir='ltr'>post</span> <span class='ocrx_word' id='word_1_101' title='bbox 554 2686 625 2745; x_wconf 82' lang='lat' dir='ltr'>vina</span> <span class='ocrx_word' id='word_1_102' title='bbox 652 2706 779 2764; x_wconf 84' lang='lat' dir='ltr'>gravem</span> <span class='ocrx_word' id='word_1_103' title='bbox 804 2687 941 2747; x_wconf 89' lang='lat' dir='ltr'>militiam</span> <span class='ocrx_word' id='word_1_104' title='bbox 965 2692 1018 2748; x_wconf 87' lang='lat' dir='ltr'>aut</span> <span class='ocrx_word' id='word_1_105' title='bbox 1043 2688 1218 2767; x_wconf 88' lang='lat' dir='ltr'>pauperiem</span> <span class='ocrx_word' id='word_1_106' title='bbox 1243 2690 1371 2766; x_wconf 78' lang='lat' dir='ltr'>erepat?</span> 
     </span>
     <span class='ocr_line' id='line_1_24' title="bbox 372 2773 1375 2855; baseline 0.003 -24"><span class='ocrx_word' id='word_1_107' title='bbox 372 2773 439 2852; x_wconf 90' lang='lat' dir='ltr'>quis</span> <span class='ocrx_word' id='word_1_108' title='bbox 464 2794 520 2834; x_wconf 91' lang='lat' dir='ltr'>non</span> <span class='ocrx_word' id='word_1_109' title='bbox 545 2779 574 2833; x_wconf 92' lang='lat' dir='ltr'>te</span> <span class='ocrx_word' id='word_1_110' title='bbox 598 2775 706 2854; x_wconf 90' lang='lat' dir='ltr'>potius,</span> <span class='ocrx_word' id='word_1_111' title='bbox 731 2774 850 2835; x_wconf 88' lang='lat' dir='ltr'>Bacche</span> <span class='ocrx_word' id='word_1_112' title='bbox 866 2780 962 2855; x_wconf 87' lang='lat' dir='ltr'>pater,</span> <span class='ocrx_word' id='word_1_113' title='bbox 986 2782 1088 2854; x_wconf 89' lang='lat' dir='ltr'>teque,</span> <span class='ocrx_word' id='word_1_114' title='bbox 1114 2777 1227 2834; x_wconf 90' lang='lat' dir='ltr'>decens</span> <span class='ocrx_word' id='word_1_115' title='bbox 1246 2773 1375 2834; x_wconf 75' lang='lat' dir='ltr'>Venus?</span> 
     </span>
     <span class='ocr_line' id='line_1_25' title="bbox 373 2862 1159 2940; baseline 0.001 -20"><span class='ocrx_word' id='word_1_116' title='bbox 373 2880 409 2922; x_wconf 87' lang='lat' dir='ltr'>ao</span> <span class='ocrx_word' id='word_1_117' title='bbox 431 2881 469 2921; x_wconf 91' lang='lat' dir='ltr'>ne</span> <span class='ocrx_word' id='word_1_118' title='bbox 493 2862 562 2940; x_wconf 93' lang='lat' dir='ltr'>quis</span> <span class='ocrx_word' id='word_1_119' title='bbox 586 2863 693 2922; x_wconf 94' lang='lat' dir='ltr'>modici</span> <span class='ocrx_word' id='word_1_120' title='bbox 719 2864 873 2923; x_wconf 88' lang='lat' dir='ltr'>transiliat</span> <span class='ocrx_word' id='word_1_121' title='bbox 897 2882 1024 2924; x_wconf 89' lang='lat' dir='ltr'>munera</span> <span class='ocrx_word' id='word_1_122' title='bbox 1047 2863 1159 2936; x_wconf 87' lang='lat' dir='ltr'>Liberi,</span> 
     </span>
    </p>

    <p class='ocr_par' dir='ltr' id='par_1_10' title="bbox 373 2947 1237 3031">
     <span class='ocr_line' id='line_1_26' title="bbox 373 2947 1237 3031; baseline 0 -21"><span class='ocrx_word' id='word_1_123' title='bbox 373 2947 543 3010; x_wconf 80' lang='lat' dir='ltr'>Centaurea</span> <span class='ocrx_word' id='word_1_124' title='bbox 567 2956 669 3011; x_wconf 92' lang='lat' dir='ltr'>monet</span> <span class='ocrx_word' id='word_1_125' title='bbox 692 2970 760 3010; x_wconf 89' lang='lat' dir='ltr'>cum</span> <span class='ocrx_word' id='word_1_126' title='bbox 784 2951 921 3031; x_wconf 88' lang='lat' dir='ltr'>Lapithis</span> <span class='ocrx_word' id='word_1_127' title='bbox 946 2952 1014 3011; x_wconf 85' lang='lat' dir='ltr'>rixa</span> <span class='ocrx_word' id='word_1_128' title='bbox 1039 2971 1130 3031; x_wconf 89' lang='lat' dir='ltr'>super</span> <span class='ocrx_word' id='word_1_129' title='bbox 1154 2970 1237 3010; x_wconf 88' lang='lat' dir='ltr'>mero</span> 
     </span>
    </p>
   </div>
   <div class='ocr_carea' id='block_1_10' title="bbox 372 3086 1228 3434">
    <p class='ocr_par' dir='ltr' id='par_1_11' title="bbox 372 3086 1228 3434">
     <span class='ocr_line' id='line_1_27' title="bbox 373 3086 1168 3166; baseline 0.003 -17"><span class='ocrx_word' id='word_1_130' title='bbox 373 3091 533 3164; x_wconf 88' lang='lat' dir='ltr'>debellata,</span> <span class='ocrx_word' id='word_1_131' title='bbox 557 3099 659 3152; x_wconf 91' lang='lat' dir='ltr'>monet</span> <span class='ocrx_word' id='word_1_132' title='bbox 683 3090 829 3151; x_wconf 82' lang='lat' dir='ltr'>Sithoniis</span> <span class='ocrx_word' id='word_1_133' title='bbox 851 3086 912 3152; x_wconf 60' lang='lat' dir='ltr'>‘non</span> <span class='ocrx_word' id='word_1_134' title='bbox 938 3092 1015 3151; x_wconf 87' lang='lat' dir='ltr'>levis</span> <span class='ocrx_word' id='word_1_135' title='bbox 1039 3091 1168 3166; x_wconf 79' lang='lat' dir='ltr'>Euhius,</span> 
     </span>
     <span class='ocr_line' id='line_1_28' title="bbox 372 3180 1138 3259; baseline 0.003 -21"><span class='ocrx_word' id='word_1_136' title='bbox 372 3197 439 3238; x_wconf 87' lang='lat' dir='ltr'>oum</span> <span class='ocrx_word' id='word_1_137' title='bbox 463 3180 508 3239; x_wconf 84' lang='lat' dir='ltr'>sas</span> <span class='ocrx_word' id='word_1_138' title='bbox 532 3188 623 3259; x_wconf 87' lang='lat' dir='ltr'>atque</span> <span class='ocrx_word' id='word_1_139' title='bbox 648 3180 734 3240; x_wconf 85' lang='lat' dir='ltr'>nefas</span> <span class='ocrx_word' id='word_1_140' title='bbox 758 3180 871 3258; x_wconf 83' lang='lat' dir='ltr'>exiguo</span> <span class='ocrx_word' id='word_1_141' title='bbox 895 3180 955 3240; x_wconf 86' lang='lat' dir='ltr'>fine</span> <span class='ocrx_word' id='word_1_142' title='bbox 980 3181 1138 3240; x_wconf 88' lang='lat' dir='ltr'>libidinum</span> 
     </span>
     <span class='ocr_line' id='line_1_29' title="bbox 372 3266 1228 3346; baseline 0.001 -19"><span class='ocrx_word' id='word_1_143' title='bbox 372 3266 550 3327; x_wconf 89' lang='lat' dir='ltr'>discernunt</span> <span class='ocrx_word' id='word_1_144' title='bbox 572 3267 663 3328; x_wconf 84' lang='lat' dir='ltr'>aridi.</span> <span class='ocrx_word' id='word_1_145' title='bbox 688 3287 745 3328; x_wconf 88' lang='lat' dir='ltr'>non</span> <span class='ocrx_word' id='word_1_146' title='bbox 770 3287 827 3346; x_wconf 79' lang='lat' dir='ltr'>ego</span> <span class='ocrx_word' id='word_1_147' title='bbox 850 3276 890 3341; x_wconf 87' lang='lat' dir='ltr'>te,</span> <span class='ocrx_word' id='word_1_148' title='bbox 914 3269 1043 3329; x_wconf 89' lang='lat' dir='ltr'>candide</span> <span class='ocrx_word' id='word_1_149' title='bbox 1068 3269 1228 3342; x_wconf 88' lang='lat' dir='ltr'>Bassareu,</span> 
     </span>
     <span class='ocr_line' id='line_1_30' title="bbox 373 3355 1160 3434; baseline 0.001 -20"><span class='ocrx_word' id='word_1_150' title='bbox 373 3355 501 3415; x_wconf 85' lang='lat' dir='ltr'>invitum</span> <span class='ocrx_word' id='word_1_151' title='bbox 525 3357 659 3434; x_wconf 90' lang='lat' dir='ltr'>quatiam</span> <span class='ocrx_word' id='word_1_152' title='bbox 684 3376 739 3417; x_wconf 89' lang='lat' dir='ltr'>nec</span> <span class='ocrx_word' id='word_1_153' title='bbox 762 3356 855 3416; x_wconf 86' lang='lat' dir='ltr'>variis</span> <span class='ocrx_word' id='word_1_154' title='bbox 880 3358 979 3417; x_wconf 89' lang='lat' dir='ltr'>obsita</span> <span class='ocrx_word' id='word_1_155' title='bbox 1003 3357 1160 3417; x_wconf 81' lang='lat' dir='ltr'>frondibus</span> 
     </span>
    </p>
   </div>
   <div class='ocr_carea' id='block_1_11' title="bbox 372 3496 1277 3841">
    <p class='ocr_par' dir='ltr' id='par_1_12' title="bbox 372 3496 1277 3841">
     <span class='ocr_line' id='line_1_31' title="bbox 372 3496 1214 3577; baseline 0.001 -22"><span class='ocrx_word' id='word_1_156' title='bbox 372 3497 428 3555; x_wconf 90' lang='lat' dir='ltr'>sub</span> <span class='ocrx_word' id='word_1_157' title='bbox 452 3496 555 3555; x_wconf 88' lang='lat' dir='ltr'>divum</span> <span class='ocrx_word' id='word_1_158' title='bbox 579 3498 702 3577; x_wconf 88' lang='lat' dir='ltr'>rapiam.</span> <span class='ocrx_word' id='word_1_159' title='bbox 728 3516 821 3558; x_wconf 86' lang='lat' dir='ltr'>saeva</span> <span class='ocrx_word' id='word_1_160' title='bbox 844 3505 915 3557; x_wconf 89' lang='lat' dir='ltr'>tene</span> <span class='ocrx_word' id='word_1_161' title='bbox 939 3518 1006 3557; x_wconf 92' lang='lat' dir='ltr'>cum</span> <span class='ocrx_word' id='word_1_162' title='bbox 1031 3498 1214 3577; x_wconf 87' lang='lat' dir='ltr'>Berecyntio</span> 
     </span>
     <span class='ocr_line' id='line_1_32' title="bbox 372 3587 1277 3665; baseline 0.001 -21"><span class='ocrx_word' id='word_1_163' title='bbox 372 3603 465 3644; x_wconf 90' lang='lat' dir='ltr'>cornu</span> <span class='ocrx_word' id='word_1_164' title='bbox 488 3589 642 3665; x_wconf 86' lang='lat' dir='ltr'>tympana,</span> <span class='ocrx_word' id='word_1_165' title='bbox 666 3604 743 3663; x_wconf 91' lang='lat' dir='ltr'>qnae</span> <span class='ocrx_word' id='word_1_166' title='bbox 768 3589 967 3663; x_wconf 87' lang='lat' dir='ltr'>subsequitur</span> <span class='ocrx_word' id='word_1_167' title='bbox 990 3605 1098 3646; x_wconf 88' lang='lat' dir='ltr'>caecus</span> <span class='ocrx_word' id='word_1_168' title='bbox 1123 3605 1207 3646; x_wconf 89' lang='lat' dir='ltr'>amor</span> <span class='ocrx_word' id='word_1_169' title='bbox 1230 3587 1277 3645; x_wconf 87' lang='lat' dir='ltr'>sui</span> 
     </span>
     <span class='ocr_line' id='line_1_33' title="bbox 372 3672 1189 3752; baseline 0.001 -21"><span class='ocrx_word' id='word_1_170' title='bbox 372 3678 404 3732; x_wconf 91' lang='lat' dir='ltr'>et</span> <span class='ocrx_word' id='word_1_171' title='bbox 425 3672 536 3732; x_wconf 90' lang='lat' dir='ltr'>tollens</span> <span class='ocrx_word' id='word_1_172' title='bbox 561 3692 690 3732; x_wconf 88' lang='lat' dir='ltr'>vacuum</span> <span class='ocrx_word' id='word_1_173' title='bbox 714 3673 783 3752; x_wconf 93' lang='lat' dir='ltr'>plus</span> <span class='ocrx_word' id='word_1_174' title='bbox 808 3674 897 3733; x_wconf 91' lang='lat' dir='ltr'>nimio</span> <span class='ocrx_word' id='word_1_175' title='bbox 922 3674 1019 3752; x_wconf 85' lang='lat' dir='ltr'>gloria</span> <span class='ocrx_word' id='word_1_176' title='bbox 1043 3675 1189 3734; x_wconf 82' lang='lat' dir='ltr'>verticem</span> 
     </span>
     <span class='ocr_line' id='line_1_34' title="bbox 372 3760 1115 3841; baseline 0.004 -21"><span class='ocrx_word' id='word_1_177' title='bbox 372 3761 533 3839; x_wconf 89' lang='lat' dir='ltr'>arcanique</span> <span class='ocrx_word' id='word_1_178' title='bbox 555 3761 633 3820; x_wconf 86' lang='lat' dir='ltr'>fides</span> <span class='ocrx_word' id='word_1_179' title='bbox 656 3760 794 3841; x_wconf 80' lang='lat' dir='ltr'>prodiga,</span> <span class='ocrx_word' id='word_1_180' title='bbox 817 3761 1002 3841; x_wconf 89' lang='lat' dir='ltr'>perlucidior</span> <span class='ocrx_word' id='word_1_181' title='bbox 1025 3763 1115 3824; x_wconf 89' lang='lat' dir='ltr'>vitro.</span> 
     </span>
    </p>
   </div>
   <div class='ocr_carea' id='block_1_12' title="bbox 822 3959 915 4029">
    <p class='ocr_par' dir='ltr' id='par_1_13' title="bbox 822 3959 915 4029">
     <span class='ocr_line' id='line_1_35' title="bbox 822 3959 915 4029; baseline 0.011 -1"><span class='ocrx_word' id='word_1_182' title='bbox 822 3959 915 4029; x_wconf 86' lang='lat' dir='ltr'>XlX.</span> 
     </span>
    </p>
   </div>
   <div class='ocr_carea' id='block_1_13' title="bbox 477 4094 1251 4422">
    <p class='ocr_par' dir='ltr' id='par_1_14' title="bbox 477 4094 899 4175">
     <span class='ocr_line' id='line_1_36' title="bbox 477 4094 899 4175; baseline 0 -20"><span class='ocrx_word' id='word_1_183' title='bbox 477 4094 577 4155; x_wconf 88' lang='lat' dir='ltr'>Mater</span> <span class='ocrx_word' id='word_1_184' title='bbox 600 4114 694 4154; x_wconf 86' lang='lat' dir='ltr'>saeva</span> <span class='ocrx_word' id='word_1_185' title='bbox 717 4094 899 4175; x_wconf 80' lang='lat' dir='ltr'>Cupidinum</span> 
     </span>
    </p>

    <p class='ocr_par' dir='ltr' id='par_1_15' title="bbox 478 4182 1251 4349">
     <span class='ocr_line' id='line_1_37' title="bbox 585 4182 1251 4266; baseline 0.002 -23"><span class='ocrx_word' id='word_1_186' title='bbox 585 4182 809 4262; x_wconf 81' lang='lat' dir='ltr'>Thebanaeque</span> <span class='ocrx_word' id='word_1_187' title='bbox 833 4185 917 4244; x_wconf 88' lang='lat' dir='ltr'>iubet</span> <span class='ocrx_word' id='word_1_188' title='bbox 939 4204 987 4244; x_wconf 91' lang='lat' dir='ltr'>me</span> <span class='ocrx_word' id='word_1_189' title='bbox 1012 4184 1150 4245; x_wconf 85' lang='lat' dir='ltr'>Semelae</span> <span class='ocrx_word' id='word_1_190' title='bbox 1175 4205 1251 4266; x_wconf 89' lang='lat' dir='ltr'>puer</span> 
     </span>
     <span class='ocr_line' id='line_1_38' title="bbox 478 4270 1048 4349; baseline 0.004 -19"><span class='ocrx_word' id='word_1_191' title='bbox 478 4279 509 4330; x_wconf 93' lang='lat' dir='ltr'>et</span> <span class='ocrx_word' id='word_1_192' title='bbox 533 4270 647 4332; x_wconf 85' lang='lat' dir='ltr'>lasciva</span> <span class='ocrx_word' id='word_1_193' title='bbox 670 4272 793 4332; x_wconf 85' lang='lat' dir='ltr'>lieentia</span> <span class='ocrx_word' id='word_1_194' title='bbox 1043 4339 1048 4349; x_wconf 41' lang='grc'><strong><em>,</em></strong></span> 
     </span>
    </p>

    <p class='ocr_par' dir='ltr' id='par_1_16' title="bbox 584 4359 1172 4422">
     <span class='ocr_line' id='line_1_39' title="bbox 584 4359 1172 4422; baseline 0.003 -3"><span class='ocrx_word' id='word_1_195' title='bbox 584 4359 675 4419; x_wconf 86' lang='lat' dir='ltr'>finitis</span> <span class='ocrx_word' id='word_1_196' title='bbox 699 4361 830 4420; x_wconf 86' lang='lat' dir='ltr'>animum</span> <span class='ocrx_word' id='word_1_197' title='bbox 855 4361 986 4421; x_wconf 87' lang='lat' dir='ltr'>reddere</span> <span class='ocrx_word' id='word_1_198' title='bbox 1010 4363 1172 4422; x_wconf 87' lang='lat' dir='ltr'>amoribus.</span> 
     </span>
    </p>
   </div>
   <div class='ocr_carea' id='block_1_14' title="bbox 0 0 1534 4850">
    <p class='ocr_par' dir='ltr' id='par_1_17' title="bbox 0 0 1534 4850">
     <span class='ocr_line' id='line_1_40' title="bbox 0 0 1534 4850; baseline 0 1"><span class='ocrx_word' id='word_1_199' title='bbox 0 0 1534 4850; x_wconf 95' lang='lat' dir='ltr'> </span> 
     </span>
    </p>
   </div>
  </div>
 </body>
</html>
