3059 4850
1208 261 1476 306 GARMEN
1504 261 1898 308 SAEOULARE.

866 408 1086 471 fertilis
1131 409 1375 488 frugum
1420 408 1783 490 pecorisque
1833 408 2043 470 Tellus

868 498 1073 580 spicea
1119 498 1305 558 donet
1349 494 1637 559 Cererem
1685 516 1933 572 corona3

868 586 1140 648 nutriant
1182 586 1344 646 fetus
1391 592 1458 646 et
1501 604 1700 665 aquae
1748 585 2029 647 salubres

1044 684 1107 735 et
1150 671 1320 734 Iovis
1364 692 1570 734 aurae.

871 814 1114 876 condito
1158 814 1323 874 mitis
1369 814 1772 896 placidusque
1819 814 1943 876 telo

870 902 1178 984 supplices
1226 903 1367 964 audi
1413 922 1656 984 pueros,
1701 903 1947 984 Apollo;

871 991 1137 1053 siderum
1185 991 1401 1071 regina
1449 991 1731 1066 bicornis,
1781 991 1946 1066 audi,

1045 1078 1238 1156 Luna,
1284 1080 1539 1161 puellas.

871 1223 1062 1284 Roma
1109 1222 1161 1282 si
1208 1224 1486 1282 vestrum
1532 1226 1631 1282 est
1676 1240 1829 1301 opus
1876 1220 2152 1301 Iliaeque

870 1312 1014 1372 litus
1060 1309 1389 1372 Etruscum
1437 1314 1692 1370 tenuere
1739 1314 1998 1384 turmae,

871 1401 1040 1460 iussa
1080 1418 1226 1479 pars
1272 1402 1509 1458 mutare
1557 1396 1737 1457 Lari‘s
1784 1401 1849 1457 et
1892 1398 2106 1456 urbem

1046 1486 1276 1568 sospite
1319 1504 1521 1561 cursu,

873 1628 968 1689 cui
1016 1647 1128 1710 per
1172 1629 1493 1688 ardentem
1540 1627 1671 1686 sine
1716 1627 1933 1687 fraude
1981 1626 2220 1687 Troiam

872 1722 1078 1779 castus
1126 1717 1371 1777 Aeneas
1418 1715 1655 1796 patriae
1704 1720 2020 1797 superstes

871 1806 1126 1866 liberum
1173 1803 1435 1864 munivit
1478 1804 1614 1878 iter,
1664 1804 1921 1864 daturus

1046 1892 1224 1973 plura
1270 1892 1529 1952 relictis:

873 2034 953 2109 di,
997 2034 1219 2115 probos
1263 2052 1466 2094 mores
1515 2033 1696 2094 docili
1743 2033 2051 2108 iuventae,

873 2123 951 2198 di,
998 2122 1302 2183 senectuti
1348 2121 1627 2203 placidae
1675 2121 1962 2201 quietem,

870 2211 1169 2272 Romulae
1215 2212 1385 2290 genti
1433 2210 1576 2270 date
1624 2229 1873 2290 remque
1919 2210 2273 2290 prolemque

1047 2303 1112 2359 et
1159 2300 1346 2359 decus
1393 2317 1597 2373 omne3

871 2460 1150 2521 quaeque
1198 2460 1308 2501 vos
1355 2441 1550 2501 bobus
1599 2445 1933 2502 veneratur
1980 2440 2135 2501 albis

872 2530 1071 2590 clarus
1118 2529 1428 2591 Anchisae
1475 2528 1866 2609 Venerisque
1916 2528 2187 2609 sanguis,

868 2618 1153 2699 inpetret‚
1201 2618 1467 2678 bellante
1515 2618 1698 2698 prior,
1744 2618 2042 2678 iacentem

1045 2705 1203 2766 lenis
1248 2705 1313 2766 in
1359 2707 1614 2767 hostem.

869 2848 986 2909 iam
1031 2846 1185 2908 mari
1231 2851 1520 2926 terraque
1567 2864 1784 2906 manus
1829 2850 2101 2926 potent1s

869 2935 1093 2996 Medus
1140 2934 1537 3014 Albanasque
1584 2934 1761 2995 timet
1806 2944 2063 3010 securIs,

869 3024 990 3085 iam
1036 3022 1306 3103 Scythae
1352 3040 1652 3104 responsa
1696 3026 1915 3103 petunt
1958 3022 2207 3104 superbi

1047 3130 1244 3191 nuper
1287 3117 1354 3171 et
1398 3109 1557 3171 Indi.
1616 3157 1623 3164 .

869 3252 990 3313 iam
1037 3250 1226 3314 Fides
1275 3255 1338 3311 et
1385 3251 1520 3313 Pax
1567 3258 1632 3312 et
1675 3250 1890 3312 Honor
1935 3252 2264 3331 Pudorque

869 3341 1108 3422 priscus
1157 3347 1220 3401 et
1265 3341 1553 3419 neglecta
1598 3340 1803 3400 redire
1853 3339 2068 3401 Virtus

870 3430 1074 3504 audet,
1120 3430 1503 3509 adparetque
1551 3429 1735 3490 beata
1780 3428 1963 3510 pleno

1046 3515 1235 3598 Copia
1281 3536 1487 3578 cornu.

871 3677 1069 3738 augur
1115 3663 1178 3719 et
1221 3658 1498 3738 fulgente
1548 3659 1807 3718 decorus
1854 3676 2000 3718 arcu

870 3746 1152 3808 Phoebus
1198 3752 1613 3828 acceptusque
1659 3766 1880 3807 novem
1928 3743 2233 3822 Camenis,

871 3835 975 3914 qui
1022 3834 1278 3896 salutari
1326 3835 1497 3895 levat
1542 3837 1676 3895 arte
1721 3835 1919 3896 fessos

1046 3923 1316 4004 corporis
1362 3933 1554 3997 artus,

867 4063 919 4125 si
964 4062 1279 4125 Palatinas
1328 4062 1502 4124 videt
1546 4082 1781 4143 aequus
1828 4070 2009 4137 arcl's,

869 4171 1121 4232 remque
1167 4153 1506 4214 Romanam
1553 4150 1921 4231 Latiumque
1967 4150 2120 4211 felix

867 4239 1125 4301 alterum
1172 4240 1235 4300 in
1281 4241 1543 4301 lustrum
1591 4240 1931 4320 meliusque
1975 4257 2217 4319 semper

1046 4333 1341 4409 prorogat
1385 4347 1625 4389 aevum.

2672 1906 2729 1946 ll

2676 3527 2717 3567 Εἰ*

2733 3531 2741 3563 ΙΙ
