3059 4850
456 2719 521 2767 12

444 3535 517 3579 ΞΗ

444 3939 509 3983 24

436 4339 509 4387 ΕΗ

1316 951 1368 1047 C
1390 953 1464 1046 A
1489 954 1562 1046 R
1585 953 1672 1046 M
1698 952 1729 1046 1
1754 953 1822 1046 Ν
1851 954 1922 1047 U
1946 954 2033 1047 M

1362 1158 1583 1226 tumn
1629 1155 1975 1238 QUARTUS.

1639 1466 1692 1535 I.

885 1579 1283 1711 Intermissa,
1330 1636 1565 1710 Venus,
1612 1637 1716 1697 diu

1053 1745 1266 1786 rursus
1312 1725 1475 1787 bella
1518 1726 1777 1786 moves?
1824 1743 2008 1807 parce
2041 1744 2274 1806 precor,
2321 1729 2572 1806 precor!

877 1834 996 1875 non
1044 1833 1197 1890 sum,
1245 1813 1442 1893 qualis
1489 1833 1655 1874 eram
1702 1815 1895 1875 bonae

1053 1903 1164 1962 sub
1198 1921 1404 1982 ‚regno
1453 1899 1747 1964 Cinarae(
1780 1901 2009 1977 desine,
2060 1901 2328 1962 dulcium

881 2049 1074 2105 mater
1119 2062 1307 2105 saeva
1353 2040 1741 2124 Cupidinum,

1053 2132 1216 2194 circa
1261 2132 1458 2192 lustra
1504 2132 1719 2192 decem
1765 2131 2017 2192 flectere
2068 2131 2353 2191 mollibus

881 2222 994 2282 iam
1043 2221 1261 2281 durum
1307 2219 1603 2300 imperiis3
1653 2219 1771 2295 abi,

1052 2326 1172 2388 quo
1219 2308 1482 2369 blandae
1527 2308 1817 2368 iuvenum
1872 2312 1937 2369 te
1983 2313 2277 2368 revocant
2320 2312 2572 2388 preces!

881 2448 1307 2530 tempestivius
1352 2450 1413 2509 in
1462 2449 1705 2510 domum

1053 2537 1230 2599 Pauli
1274 2538 1599 2618 purpureis
1645 2539 1773 2599 ales
1821 2537 2088 2599 oloribus

877 2626 1282 2687 comissabere
1328 2625 1601 2703 Maximi,

1052 2715 1104 2773 si
1151 2717 1385 2775 torrere
1431 2714 1600 2774 iecur
1645 2715 1888 2794 quaeris
1939 2714 2244 2775 idoneum.

877 2874 1134 2934 namque
1181 2861 1246 2917 et
1290 2854 1509 2916 nobilis
1558 2859 1622 2915 et
1670 2855 1894 2917 decens

1052 2948 1115 3002 et
1159 2961 1268 3023 pro
1317 2942 1595 3004 sollicitis
1644 2962 1762 3004 non
1809 2943 2031 3005 tacitus
2079 2944 2199 3004 reis

877 3039 941 3091 et
986 3040 1230 3091 centum
1272 3050 1428 3111 puer
1473 3032 1692 3091 artium

1051 3120 1174 3182 late
1221 3118 1398 3198 signa
1442 3120 1598 3179 feret
1642 3119 1893 3179 militiae
1940 3125 2105 3194 tuae,

877 3270 940 3323 et
984 3262 1353 3341 quandoque
1399 3260 1703 3341 potentior

1050 3350 1207 3429 largi
1253 3349 1606 3409 muneribus
1652 3347 1858 3408 riserit
1903 3348 2141 3423 aemuli,

885 3438 1153 3498 Albanos
1200 3455 1388 3517 prope
1434 3443 1498 3497 te
1544 3438 1715 3497 lacus

1048 3531 1235 3604 ponet
1281 3543 1679 3585 marmoream
1726 3525 1840 3584 ‘sub
1889 3525 2061 3584 trabe
2107 3522 2315 3584 citrea.

873 3666 994 3727 illic
1040 3665 1303 3745 plurima
1347 3665 1596 3725 naribus

1049 3755 1236 3814 duces
1284 3761 1437 3828 tura,
1485 3753 1745 3833 lyraque
1793 3758 1858 3814 et
1901 3752 2273 3833 Berecyntia

873 3841 1262 3903 delectabere
1309 3841 1458 3901 tibia

1045 3930 1254 3990 mixtis
1304 3929 1671 3989 carminibus
1718 3948 1836 3989 non
1886 3929 2015 3989 sine
2062 3928 2291 3989 fistula:

873 4071 991 4131 illic
1037 4071 1131 4132 bis
1176 4069 1352 4150 pueri
1400 4069 1498 4130 die

1045 4178 1268 4218 numen
1314 4176 1451 4218 cum
1500 4156 1727 4218 teneris
1775 4157 2116 4238 virginibus
2162 4164 2335 4220 tuum

873 4248 1196 4308 laudantes
1241 4245 1401 4326 pede
1449 4246 1711 4306 candido

1042 4335 1101 4395 in
1150 4352 1380 4395 morem
1428 4331 1659 4394 Salium
1708 4337 1804 4395 ter
1849 4336 2126 4413 quatient
2172 4335 2435 4398 humum.
