3059 4850
595 261 656 305 ΜΒ.
671 263 689 307 1.
704 265 850 301 xx1-xxv.

408 409 494 489 atqui
518 428 577 470 uon
601 427 659 489 ego
683 412 713 469 te
736 408 827 488 tigris
849 413 884 468 ut
906 428 1017 490 aspera

409 497 600 560 Gaetulusve
623 499 670 558 loo
693 497 839 576 frangere
862 517 1039 577 persequor.

383 588 385 593 '
452 587 575 647 tandem
598 585 705 646 desine
727 592 856 646 matrem

497 673 679 754 tempestiva
701 674 789 753 sequi
812 674 888 734 viro.

658 870 787 941 XXIV.

383 1008 472 1080 Quis·
486 1008 638 1069 desiderio
662 1009 703 1068 sit
725 1009 825 1088 pudor
847 1019 901 1070 ant
924 1011 1032 1070 modus

382 1103 442 1157 tarn
467 1098 529 1158 cari
553 1093 685 1177 capitis?
709 1097 851 1178 praecipe
876 1098 1016 1178 lugubris

381 1193 496 1260 cautus,
521 1184 723 1267 Melpomene,
747 1186 795 1245 cni
821 1185 965 1266 liquidam
988 1192 1077 1267 pater

468 1293 575 1335 vocem
599 1293 666 1334 curn
692 1273 811 1334 cithara
834 1274 928 1335 dedit.

383 1433 457 1494 ergo
480 1414 663 1485 Quintilium
686 1419 853 1494 perpetuus
876 1434 967 1495 sopor

382 1504 517 1583 urguet?
541 1503 590 1563 cui
614 1502 718 1563 Pudor
740 1509 773 1562 et
795 1501 937 1564 Iustitiae
961 1523 1055 1581 soror,

346 1617 348 1621 ·
381 1590 557 1672 incorrupta
579 1590 683 1665 rides,
706 1591 849 1670 nudeque
874 1590 999 1653 Veritas

469 1680 591 1759 qnando
613 1680 709 1740 ullum
732 1679 869 1740 inveniet
891 1683 1011 1760 parem!
1125 1706 1126 1709 ¹

382 1820 484 1881 multis
508 1820 560 1881 ille
582 1820 670 1882 bonis
693 1820 803 1881 flebilis
826 1821 948 1894 occidit,

382 1908 457 1969 nulli
479 1909 617 1981 flebilior,
640 1928 731 1989 quam
756 1910 818 1983 tibi,
843 1909 972 1989 Vergili.

381 2002 416 2058 tu
438 1997 553 2059 frustra
575 1997 653 2078 pins,
677 1998 746 2067 heu,
770 2016 829 2057 non
852 1998 896 2057 ita
919 1998 1069 2059 creditum

470 2085 570 2166 poscis
593 2084 777 2155 Quintilium
801 2086 884 2146 deos.

382 2225 478 2305 qnid?
503 2227 530 2286 si
553 2226 693 2287 Threicio
716 2226 859 2287 blandius
883 2224 1006 2307 Orpheo

382 2314 515 2375 auditam
537 2315 697 2375 moderere
720 2315 880 2375 arboribus
904 2313 1004 2388 fidem,

382 2422 453 2463 num
476 2420 575 2464 vanae
599 2404 706 2464 redeat
728 2404 856 2484 sangnis
880 2403 1013 2483 imagini,

469 2510 560 2571 quern
583 2493 673 2572 virga
695 2494 790 2552 semel
815 2493 948 2567 horrida,

382 2652 441 2693 nou
463 2633 541 2693 leuis
563 2633 706 2714 precibus
730 2634 793 2694 fata
815 2632 985 2705 recludere,

381 2724 469 2801 nigro
493 2722 664 2802 conpulerit
686 2720 859 2782 Mercurius
882 2722 993 2801 gregi?

383 2810 500 2884 durum,
525 2811 580 2870 sed
605 2810 703 2869 levius
727 2808 762 2869 fit
784 2810 941 2890 patientia,

469 2898 618 2979 quidquid
642 2898 796 2976 corrigere
820 2903 868 2961 est
889 2897 986 2958 nefas.

668 3113 779 3184 XXV.

384 3249 510 3310 Parcius
532 3249 650 3309 iunctas
674 3250 817 3330 quatiunt
837 3250 988 3310 fenestras

381 3337 510 3398 iactibus
532 3338 648 3397 crebris
671 3338 800 3398 iuvenes
823 3337 961 3419 protervi

381 3446 437 3488 nec
461 3426 516 3488 tibi
539 3445 659 3486 somnos
682 3426 831 3501 adimunt,
854 3433 995 3506 amatque

469 3514 560 3575 ianua
584 3514 685 3589 limen,

382 3674 460 3734 quae
484 3654 569 3736 prius
591 3655 720 3716 multum
742 3655 841 3715 facilis
864 3655 1006 3715 movebat

382 3744 533 3805 cardines.
556 3745 645 3805 audis
667 3744 766 3804 minus
790 3752 822 3804 et
843 3744 944 3803 minus
966 3743 1041 3803 iarn:

382 3851 449 3907 „me
472 3845 525 3893 tuo
549 3832 656 3912 longas
678 3840 828 3913 pereunte
852 3839 960 3906 noctis,

469 3919 579 4000 Lydia,
605 3922 760 3981 dormis?“

380 4060 513 4123 invicem
537 4062 679 4123 moechos
703 4081 781 4123 anns
803 4062 983 4139 adrogantis

381 4149 469 4212 flebis
492 4150 524 4210 in
548 4151 612 4211 solo
637 4151 714 4210 levis
739 4152 912 4231 angiportu,

382 4237 512 4299 Thracio
535 4239 703 4300 bacchante
725 4242 826 4318 magis
848 4240 904 4298 snb
929 4238 1020 4298 inter·

469 4327 564 4387 lunia.
575 4332 677 4402 rento,

215 4436 307 4480 Horati
322 4436 438 4480 carmina.
