3059 4850
565 221 645 270 fill

437 4315 501 4363 :5145

1269 246 1509 291 nossA'rl
1536 246 1874 291 cARMlNUM

1499 609 1621 678 VI.

983 799 1222 861 Delicta
1269 799 1564 860 maiorum
1613 798 1927 861 inmeritus
1976 800 2127 874 lues,

981 888 1272 963 Romane,
1325 888 1518 948 donec
1566 887 1795 968 templa
1840 888 2135 949 refeceris

1070 976 1369 1056 aedisque
1420 975 1685 1035 labentis
1734 975 1982 1036 deorum
2032 982 2095 1036 et

1161 1064 1341 1126 foeda
1387 1063 1565 1144 nigro
1614 1063 1936 1124 simulacra
1982 1065 2161 1125 fumo.

982 1205 1077 1265 dis
1124 1210 1187 1266 te
1235 1204 1525 1266 minorem
1576 1205 1739 1284 quod
1786 1204 1972 1283 geris,
2022 1204 2301 1285 imperas,

985 1294 1123 1355 hinc
1171 1312 1344 1354 omne
1391 1292 1774 1373 principium,
1822 1294 1936 1352 huc
1983 1293 2147 1353 refer
2193 1293 2455 1354 exitum!

1072 1381 1132 1442 di
1180 1382 1372 1442 multa
1418 1381 1688 1460 neglecti
1736 1381 2040 1442 dederunt

1155 1469 1497 1550 Hesperiae
1546 1471 1706 1530 mala
1752 1469 2082 1530 luctuosae.

981 1611 1102 1670 iam
1148 1610 1241 1670 bis
1291 1609 1602 1671 Monaesis
1648 1616 1711 1670 et
1756 1609 1971 1671 Pacori
2018 1628 2230 1670 manus

981 1718 1098 1759 non
1148 1698 1495 1778 auspicatos
1543 1699 1821 1760 contudit
1863 1699 2126 1779 impetus

1066 1794 1304 1848 nostros
1351 1791 1414 1847 et
1460 1787 1760 1847 adiecisse
1807 1788 2095 1866 praedam

1154 1875 1470 1954 torquibus
1518 1875 1763 1954 exiguis
1811 1875 2068 1935 renidet.

975 2035 1169 2097 paene
1218 2019 1576 2096 occupatam
1626 2015 2027 2076 seditionibus

978 2104 1209 2165 delevit
1254 2105 1465 2164 urbem
1514 2104 1831 2177 Dacus‚et
1878 2103 2196 2184 Aethiops,

1068 2193 1165 2253 hic
1211 2192 1407 2253 classe
1454 2192 1831 2267 formidatus,
1878 2192 1981 2253 ille

1150 2281 1478 2341 missilibus
1525 2280 1742 2342 melior
1789 2281 2048 2360 sagittis.

976 2421 1238 2483 fecunda
1285 2423 1498 2503 culpae
1547 2422 1792 2483 saecula
1836 2421 2080 2502 nuptias

974 2510 1233 2591 primum
1283 2510 1682 2589 inquinavere
1728 2514 1789 2570 et
1836 2531 2032 2589 genus
2080 2515 2143 2570 et
2190 2509 2425 2585 domos3

1064 2599 1178 2660 hoc
1224 2600 1387 2659 fonte
1436 2599 1715 2659 derivata
1762 2599 1969 2659 clades

1149 2686 1211 2746 in
1258 2687 1513 2767 patriam
1564 2687 1978 2767 populumque
2024 2686 2221 2748 fluxit.

977 2831 1176 2887 motus
1226 2827 1430 2888 doceri
1477 2828 1713 2907 gaudet
1757 2827 1995 2889 Ionicos

974 2920 1213 2977 matura
1261 2915 1432 2995 virgo
1480 2920 1545 2977 et
1591 2916 1838 2994 fingitur
1885 2916 2118 2976 artibus

1061 3004 1180 3064 iam
1229 3024 1407 3077 nunc,
1453 3014 1517 3065 et
1562 3003 1823 3065 incestos
1870 3023 2107 3065 amores

1148 3092 1223 3152 de
1269 3098 1478 3153 tenero
1527 3091 1857 3153 meditatur
1904 3092 2113 3171 ungui.

970 3252 1112 3294 mox
1160 3232 1429 3294 iuniores
1475 3235 1717 3314 quaerit
1762 3234 2075 3294 adulteros

971 3322 1131 3382 inter
1176 3322 1374 3382 mariti
1422 3322 1567 3383 vina
1612 3342 1810 3402 neque
1858 3322 2051 3401 eligit,

1056 3410 1155 3472 cui
1204 3410 1390 3471 donet
1435 3410 1799 3491 inpermissa
1845 3410 2063 3490 raptim

1143 3498 1368 3577 gaudia
1414 3498 1740 3559 luminibus
1787 3498 2054 3572 remotis,

969 3639 1079 3698 sed
1130 3639 1300 3700 iussa
1348 3658 1550 3701 coram
1598 3659 1715 3702 non
1763 3640 1893 3700 sine
1940 3639 2179 3701 conscio

969 3727 1172 3806 surgit
1218 3728 1454 3801 marito,
1501 3748 1612 3789 seu
1659 3732 1837 3789 vocat
1881 3727 2125 3789 institor

1057 3834 1167 3876 seu
1215 3816 1391 3877 navis
1440 3814 1755 3898 Hispanae
1800 3816 2111 3894 magister,

1145 3904 1514 3965 dedecorum
1562 3905 1865 3985 pretiosus
1912 3909 2162 3985 emptor.

970 4062 1091 4103 non
1137 4042 1235 4103 his
1280 4042 1569 4105 iuventus
1616 4048 1749 4106 orta
1793 4047 2143 4126 parentibus

969 4130 1180 4191 infecit
1226 4150 1456 4211 aequor
1501 4133 1800 4212 sanguine
1847 4132 2077 4194 Punico

1054 4218 1485 4300 Pyrrhumque
1533 4226 1595 4281 et
1638 4221 1951 4300 ingentem
1999 4222 2221 4283 cecidit

1142 4306 1515 4370 Antiochum
1564 4309 2094 4391 Hannibalemque
2142 4311 2359 4384 dirum,
