3059 4850
561 240 641 302 38

457 3532 521 3575 12

1352 271 1594 316 HORATl
1620 270 1960 315 CARMINUM

946 419 1145 479 laetus
1192 418 1252 478 in
1301 437 1595 498 praesens
1642 419 1896 494 animus,
1944 421 2106 498 quod
2153 419 2315 480 ultra
2361 425 2476 496 est,

946 506 1146 567 oderit
1191 525 1407 568 curare
1454 514 1518 568 et
1562 525 1770 567 amara
1814 508 1977 567 lento

946 601 1248 674 temperet
1293 594 1445 654 risu:
1492 595 1642 655 nihil
1690 604 1785 656 est
1831 597 1905 656 ab
1955 596 2111 656 omni

1122 687 1296 763 parte
1342 683 1605 743 beatum.

948 825 1202 884 abstulit
1247 824 1478 885 clarum
1525 823 1646 884 cita
1691 843 1854 884 mors
1902 824 2221 901 Achillem,

946 913 1129 992 longa
1175 911 1497 973 Tithonum
1543 911 1760 972 minuit
1806 921 2108 987 senectuS,

947 1007 1010 1061 et
1053 1000 1201 1061 mihi
1246 1001 1469 1072 forsan,
1517 1000 1627 1061 tibi
1674 1002 1836 1080 quod
1882 1001 2144 1080 negarit,

1121 1089 1397 1170 porriget
1443 1090 1608 1150 hora.

947 1235 1008 1289 te
1055 1248 1282 1309 greges
1328 1234 1572 1290 centum
1618 1226 1986 1309 Siculaeque
2030 1230 2257 1290 circum

947 1318 1226 1395 mugiunt
1272 1335 1514 1393 vaccae,
1564 1317 1673 1377 tibi
1719 1317 1879 1378 tollit
1924 1318 2220 1378 hinnitum

946 1414 1090 1486 apta
1135 1406 1452 1485 quadrigis
1499 1424 1674 1484 equa,
1722 1414 1783 1467 te
1830 1406 1923 1465 bis
1973 1407 2122 1466 Afro

1123 1494 1350 1555 murice
1398 1494 1625 1554 tinctae

948 1636 1218 1696 vestiunt
1263 1635 1466 1709 lanae3
1515 1633 1659 1694 mihi
1705 1653 1899 1715 parva
1944 1654 2088 1695 rura
2133 1643 2196 1696 et

947 1723 1226 1804 spiritum
1274 1720 1524 1784 Graiae·
1548 1729 1791 1783 tenuem
1842 1721 2145 1784 Camenae

947 1812 1141 1872 Parca
1186 1831 1300 1872 non
1348 1811 1619 1871 mendax
1666 1811 1835 1871 dedit
1880 1815 2047 1872 et—
2078 1812 2409 1890 malignum

1122 1918 1411 1980 spernere
1456 1899 1694 1978 volgus.
2107 1896 2117 1920 '

1545 2273 1769 2344 XVII.

981 2442 1105 2508 Cur
1152 2465 1247 2505 me
1296 2446 1588 2525 querellis
1635 2444 1950 2506 exanimas
1997 2445 2163 2506 tuis?

983 2553 1093 2595 nec
1143 2535 1237 2594 dis
1284 2534 1542 2594 amicum
1589 2540 1686 2594 est
1732 2552 1842 2594 nec
1890 2533 2033 2593 mihi
2080 2540 2143 2594 te
2189 2533 2359 2614 prius

1071 2623 1256 2694 obire,
1305 2621 1649 2697 Maecenas,
1696 2640 1967 2682 mearum

1157 2712 1394 2790 grande
1441 2710 1630 2771 decus
1678 2711 2075 2789 columenque
2123 2708 2350 2770 rerum!

983 2871 1037 2925 a,
1083 2861 1142 2911 te
1188 2870 1362 2913 meae
1410 2851 1461 2911 si
1509 2858 1745 2931 partem
1792 2851 2026 2911 animae
2073 2851 2232 2931 rapit

983 2940 1273 3001 maturior
1320 2939 1430 3015 vis,
1479 2938 1625 3018 quid
1673 2958 1872 3000 moror
1915 2940 2126 3011 altera,

1069 3048 1181 3088 nec
1229 3046 1407 3088 carus
1453 3046 1648 3106 aeque
1695 3046 1807 3086 nec
1853 3032 2168 3106 superstes

1158 3116 1442 3195 integer?
1488 3115 1594 3176 ille
1642 3116 1775 3175 dies
1824 3124 2141 3194 utramque

987 3257 1169 3318 ducet
1214 3256 1473 3317 ruinam!
1521 3277 1642 3317 non
1688 3276 1802 3335 ego
1849 3257 2148 3337 perfidum

985 3345 1112 3405 dixi
1161 3350 1631 3407 sacramentum:
1679 3346 1920 3421 ibimuS,
1969 3345 2204 3420 ibimus,

1071 3441 1399 3513 utcumque
1445 3435 1799 3515 praecedes,
1846 3453 2194 3514 supremum

1158 3541 1408 3603 carpere
1453 3524 1573 3583 iter
1620 3524 1871 3583 comites
1916 3522 2138 3602 parati!

984 3683 1078 3722 me
1125 3683 1236 3722 nec
1283 3661 1642 3725 Chimaerae
1690 3664 1938 3744 spiritus
1984 3663 2225 3743 igneae,

986 3771 1115 3824 nec,
1162 3752 1212 3811 si
1259 3761 1567 3832 resurgat,
1613 3752 1988 3813 centimanus
2036 3750 2209 3831 Gyas

1074 3839 1327 3899 divellet
1373 3859 1684 3920 umquam:
1735 3841 1822 3900 sic
1868 3841 2097 3920 potenti

1161 3927 1442 3988 Iustitiae
1488 3929 1901 4008 placitumque
1949 3928 2176 3989 Parcis.

985 4087 1092 4127 seu
1143 4067 1324 4128 Libra
1371 4088 1478 4130 seu
1527 4090 1623 4130 me
1672 4069 1953 4152 Scorpios
2000 4071 2218 4151 aspicit

986 4156 1408 4216 formidolosus
1454 4176 1598 4238 pars
1646 4160 1964 4220 violentior
2075 4172 2080 4179 ’

1074 4245 1293 4304 natalis
1340 4246 1543 4321 horae,
1589 4265 1700 4306 seu
1748 4254 2045 4326 tyrannus

1159 4332 1499 4413 Hesperiae
1550 4333 1953 4415 Capricornus
1998 4335 2218 4410 undae,
