<?xml version="1.0" encoding="UTF-8"?>
<!DOCTYPE html PUBLIC "-//W3C//DTD XHTML 1.0 Transitional//EN"
    "http://www.w3.org/TR/xhtml1/DTD/xhtml1-transitional.dtd">
<html xmlns="http://www.w3.org/1999/xhtml" xml:lang="en" lang="en">
 <head>
  <title>
</title>
<meta http-equiv="Content-Type" content="text/html;charset=utf-8" />
  <meta name='ocr-system' content='tesseract 3.04.00' />
  <meta name='ocr-capabilities' content='ocr_page ocr_carea ocr_par ocr_line ocrx_word'/>
</head>
<body>
  <div class='ocr_page' id='page_1' title='image "./odenundepoden01horagoog_0025.png"; bbox 0 0 3059 4850; ppageno 0'>
   <div class='ocr_carea' id='block_1_1' title="bbox 1126 263 1619 308">
    <p class='ocr_par' dir='ltr' id='par_1_1' title="bbox 1126 263 1619 308">
     <span class='ocr_line' id='line_1_1' title="bbox 1126 263 1619 308; baseline -0.004 -2"><span class='ocrx_word' id='word_1_1' title='bbox 1126 263 1246 308; x_wconf 85' lang='lat' dir='ltr'>LlB.</span> <span class='ocrx_word' id='word_1_2' title='bbox 1276 263 1313 308; x_wconf 90' lang='lat'>1.</span> <span class='ocrx_word' id='word_1_3' title='bbox 1343 267 1619 305; x_wconf 78' lang='lat' dir='ltr'>xv—xvn.</span> 
     </span>
    </p>
   </div>
   <div class='ocr_carea' id='block_1_2' title="bbox 677 410 1945 756">
    <p class='ocr_par' dir='ltr' id='par_1_2' title="bbox 677 410 1906 491">
     <span class='ocr_line' id='line_1_2' title="bbox 677 410 1906 491; baseline 0.002 -21"><span class='ocrx_word' id='word_1_4' title='bbox 677 429 790 471; x_wconf 89' lang='lat' dir='ltr'>non</span> <span class='ocrx_word' id='word_1_5' title='bbox 845 410 1246 491; x_wconf 83' lang='lat' dir='ltr'><strong>Dindymene,</strong></span> <span class='ocrx_word' id='word_1_6' title='bbox 1293 430 1411 470; x_wconf 90' lang='lat' dir='ltr'>non</span> <span class='ocrx_word' id='word_1_7' title='bbox 1458 411 1665 490; x_wconf 87' lang='lat' dir='ltr'>adytis</span> <span class='ocrx_word' id='word_1_8' title='bbox 1712 412 1906 490; x_wconf 87' lang='lat' dir='ltr'>quatit</span> 
     </span>
    </p>

    <p class='ocr_par' dir='ltr' id='par_1_3' title="bbox 679 493 1945 665">
     <span class='ocr_line' id='line_1_3' title="bbox 679 493 1945 578; baseline 0.001 -20"><span class='ocrx_word' id='word_1_9' title='bbox 679 493 940 558; x_wconf 82' lang='lat' dir='ltr'>mentem</span> <span class='ocrx_word' id='word_1_10' title='bbox 988 499 1369 559; x_wconf 90' lang='lat' dir='ltr'>sacerdotum</span> <span class='ocrx_word' id='word_1_11' title='bbox 1419 499 1618 559; x_wconf 89' lang='lat' dir='ltr'>incola</span> <span class='ocrx_word' id='word_1_12' title='bbox 1662 498 1945 578; x_wconf 75' lang='lat' dir='ltr'><strong>Pythiae,</strong></span> 
     </span>
     <span class='ocr_line' id='line_1_4' title="bbox 787 586 1797 665; baseline 0.001 -20"><span class='ocrx_word' id='word_1_13' title='bbox 787 605 906 646; x_wconf 90' lang='lat' dir='ltr'>non</span> <span class='ocrx_word' id='word_1_14' title='bbox 953 586 1138 647; x_wconf 89' lang='lat' dir='ltr'>Liber</span> <span class='ocrx_word' id='word_1_15' title='bbox 1185 606 1401 665; x_wconf 90' lang='lat' dir='ltr'>aeque,</span> <span class='ocrx_word' id='word_1_16' title='bbox 1450 607 1569 646; x_wconf 90' lang='lat' dir='ltr'>non</span> <span class='ocrx_word' id='word_1_17' title='bbox 1618 595 1797 647; x_wconf 89' lang='lat' dir='ltr'>acuta</span> 
     </span>
    </p>

    <p class='ocr_par' dir='ltr' id='par_1_4' title="bbox 890 673 1944 756">
     <span class='ocr_line' id='line_1_5' title="bbox 890 673 1944 756; baseline 0.002 -22"><span class='ocrx_word' id='word_1_18' title='bbox 890 675 941 734; x_wconf 91' lang='lat' dir='ltr'>si</span> <span class='ocrx_word' id='word_1_19' title='bbox 989 674 1301 754; x_wconf 84' lang='lat' dir='ltr'>geminant</span> <span class='ocrx_word' id='word_1_20' title='bbox 1348 673 1733 756; x_wconf 80' lang='lat' dir='ltr'>Corybantes</span> <span class='ocrx_word' id='word_1_21' title='bbox 1781 694 1944 752; x_wconf 85' lang='lat' dir='ltr'>aera,</span> 
     </span>
    </p>
   </div>
   <div class='ocr_carea' id='block_1_3' title="bbox 678 815 1945 1160">
    <p class='ocr_par' dir='ltr' id='par_1_5' title="bbox 678 815 1945 1160">
     <span class='ocr_line' id='line_1_6' title="bbox 678 815 1945 894; baseline 0.001 -19"><span class='ocrx_word' id='word_1_22' title='bbox 678 815 885 875; x_wconf 78' lang='lat' dir='ltr'>tristes</span> <span class='ocrx_word' id='word_1_23' title='bbox 931 821 1001 876; x_wconf 92' lang='lat' dir='ltr'>ut</span> <span class='ocrx_word' id='word_1_24' title='bbox 1045 815 1190 891; x_wconf 88' lang='lat' dir='ltr'>irae,</span> <span class='ocrx_word' id='word_1_25' title='bbox 1240 834 1392 894; x_wconf 89' lang='lat' dir='ltr'>quas</span> <span class='ocrx_word' id='word_1_26' title='bbox 1437 834 1638 894; x_wconf 88' lang='lat' dir='ltr'>neque</span> <span class='ocrx_word' id='word_1_27' title='bbox 1685 815 1945 876; x_wconf 85' lang='lat' dir='ltr'>Noricus</span> 
     </span>
     <span class='ocr_line' id='line_1_7' title="bbox 680 904 1943 984; baseline 0.002 -21"><span class='ocrx_word' id='word_1_28' title='bbox 680 904 955 965; x_wconf 89' lang='lat' dir='ltr'>deterret</span> <span class='ocrx_word' id='word_1_29' title='bbox 1000 904 1163 963; x_wconf 88' lang='lat' dir='ltr'>ensis</span> <span class='ocrx_word' id='word_1_30' title='bbox 1211 922 1324 963; x_wconf 89' lang='lat' dir='ltr'>nec</span> <span class='ocrx_word' id='word_1_31' title='bbox 1372 923 1535 963; x_wconf 88' lang='lat' dir='ltr'>mare</span> <span class='ocrx_word' id='word_1_32' title='bbox 1584 906 1943 984; x_wconf 85' lang='lat' dir='ltr'>naufragum</span> 
     </span>
     <span class='ocr_line' id='line_1_8' title="bbox 788 993 1900 1071; baseline 0.002 -21"><span class='ocrx_word' id='word_1_33' title='bbox 788 1011 900 1052; x_wconf 88' lang='lat' dir='ltr'>nec</span> <span class='ocrx_word' id='word_1_34' title='bbox 947 1011 1170 1051; x_wconf 86' lang='lat' dir='ltr'>saevus</span> <span class='ocrx_word' id='word_1_35' title='bbox 1218 993 1376 1071; x_wconf 84' lang='lat' dir='ltr'>ignis</span> <span class='ocrx_word' id='word_1_36' title='bbox 1423 1011 1538 1052; x_wconf 89' lang='lat' dir='ltr'>nec</span> <span class='ocrx_word' id='word_1_37' title='bbox 1583 994 1900 1053; x_wconf 88' lang='lat' dir='ltr'>tremendo</span> 
     </span>
     <span class='ocr_line' id='line_1_9' title="bbox 887 1080 1909 1160; baseline 0.003 -20"><span class='ocrx_word' id='word_1_38' title='bbox 887 1080 1168 1160; x_wconf 87' lang='lat' dir='ltr'>Iuppiter</span> <span class='ocrx_word' id='word_1_39' title='bbox 1215 1081 1344 1160; x_wconf 90' lang='lat' dir='ltr'>ipse</span> <span class='ocrx_word' id='word_1_40' title='bbox 1394 1099 1580 1140; x_wconf 89' lang='lat' dir='ltr'>ruens</span> <span class='ocrx_word' id='word_1_41' title='bbox 1627 1080 1909 1143; x_wconf 84' lang='lat' dir='ltr'>tumultu.</span> 
     </span>
    </p>
   </div>
   <div class='ocr_carea' id='block_1_4' title="bbox 678 1220 2061 1565">
    <p class='ocr_par' dir='ltr' id='par_1_6' title="bbox 678 1220 2061 1565">
     <span class='ocr_line' id='line_1_10' title="bbox 678 1220 1920 1302; baseline 0.002 -22"><span class='ocrx_word' id='word_1_42' title='bbox 678 1221 874 1282; x_wconf 85' lang='lat' dir='ltr'>fertur</span> <span class='ocrx_word' id='word_1_43' title='bbox 919 1220 1339 1294; x_wconf 86' lang='lat' dir='ltr'>Prometheus,</span> <span class='ocrx_word' id='word_1_44' title='bbox 1387 1221 1617 1281; x_wconf 80' lang='lat' dir='ltr'>addere</span> <span class='ocrx_word' id='word_1_45' title='bbox 1664 1222 1920 1302; x_wconf 82' lang='lat' dir='ltr'>principi</span> 
     </span>
     <span class='ocr_line' id='line_1_11' title="bbox 679 1309 1843 1389; baseline 0 -21"><span class='ocrx_word' id='word_1_46' title='bbox 679 1309 819 1368; x_wconf 91' lang='lat' dir='ltr'>limo</span> <span class='ocrx_word' id='word_1_47' title='bbox 868 1313 1114 1369; x_wconf 88' lang='lat' dir='ltr'>coactus</span> <span class='ocrx_word' id='word_1_48' title='bbox 1160 1310 1525 1389; x_wconf 83' lang='lat' dir='ltr'>particulam</span> <span class='ocrx_word' id='word_1_49' title='bbox 1574 1309 1843 1389; x_wconf 85' lang='lat' dir='ltr'>undique</span> 
     </span>
     <span class='ocr_line' id='line_1_12' title="bbox 790 1397 1711 1471; baseline 0 -15"><span class='ocrx_word' id='word_1_50' title='bbox 790 1398 1120 1471; x_wconf 78' lang='lat' dir='ltr'>desectam,</span> <span class='ocrx_word' id='word_1_51' title='bbox 1166 1408 1229 1456; x_wconf 91' lang='lat' dir='ltr'>et</span> <span class='ocrx_word' id='word_1_52' title='bbox 1274 1397 1471 1457; x_wconf 89' lang='lat' dir='ltr'>insani</span> <span class='ocrx_word' id='word_1_53' title='bbox 1518 1397 1711 1457; x_wconf 89' lang='lat' dir='ltr'>leonis</span> 
     </span>
     <span class='ocr_line' id='line_1_13' title="bbox 886 1485 2061 1565; baseline 0.002 -21"><span class='ocrx_word' id='word_1_54' title='bbox 886 1486 1009 1544; x_wconf 87' lang='lat' dir='ltr'>vim</span> <span class='ocrx_word' id='word_1_55' title='bbox 1057 1485 1367 1545; x_wconf 90' lang='lat' dir='ltr'>stomacho</span> <span class='ocrx_word' id='word_1_56' title='bbox 1417 1486 1778 1565; x_wconf 87' lang='lat' dir='ltr'>adposuisse</span> <span class='ocrx_word' id='word_1_57' title='bbox 1826 1496 2061 1563; x_wconf 83' lang='lat' dir='ltr'>nostr03</span> 
     </span>
    </p>
   </div>
   <div class='ocr_carea' id='block_1_5' title="bbox 676 1623 1921 1970">
    <p class='ocr_par' dir='ltr' id='par_1_7' title="bbox 676 1623 1921 1970">
     <span class='ocr_line' id='line_1_14' title="bbox 676 1623 1623 1705; baseline 0.001 -21"><span class='ocrx_word' id='word_1_58' title='bbox 676 1623 802 1684; x_wconf 84' lang='lat' dir='ltr'>irae</span> <span class='ocrx_word' id='word_1_59' title='bbox 851 1624 1160 1705; x_wconf 86' lang='lat' dir='ltr'>Thyesten</span> <span class='ocrx_word' id='word_1_60' title='bbox 1209 1627 1398 1686; x_wconf 84' lang='lat' dir='ltr'>exitio</span> <span class='ocrx_word' id='word_1_61' title='bbox 1445 1627 1623 1704; x_wconf 85' lang='lat' dir='ltr'>gravi</span> 
     </span>
     <span class='ocr_line' id='line_1_15' title="bbox 677 1713 1849 1776; baseline 0.001 -4"><span class='ocrx_word' id='word_1_62' title='bbox 677 1718 954 1773; x_wconf 86' lang='lat' dir='ltr'>stravere</span> <span class='ocrx_word' id='word_1_63' title='bbox 1003 1721 1065 1773; x_wconf 89' lang='lat' dir='ltr'>et</span> <span class='ocrx_word' id='word_1_64' title='bbox 1109 1714 1250 1774; x_wconf 86' lang='lat' dir='ltr'>altis</span> <span class='ocrx_word' id='word_1_65' title='bbox 1298 1715 1553 1775; x_wconf 88' lang='lat' dir='ltr'>urbibus</span> <span class='ocrx_word' id='word_1_66' title='bbox 1601 1713 1849 1776; x_wconf 88' lang='lat' dir='ltr'>ultimae</span> 
     </span>
     <span class='ocr_line' id='line_1_16' title="bbox 788 1803 1774 1883; baseline 0.002 -23"><span class='ocrx_word' id='word_1_67' title='bbox 788 1808 1013 1862; x_wconf 85' lang='lat' dir='ltr'>stetere</span> <span class='ocrx_word' id='word_1_68' title='bbox 1060 1821 1301 1877; x_wconf 88' lang='lat' dir='ltr'>causae,</span> <span class='ocrx_word' id='word_1_69' title='bbox 1350 1822 1458 1862; x_wconf 88' lang='lat' dir='ltr'>cur</span> <span class='ocrx_word' id='word_1_70' title='bbox 1504 1803 1774 1883; x_wconf 88' lang='lat' dir='ltr'>perirent</span> 
     </span>
     <span class='ocr_line' id='line_1_17' title="bbox 888 1890 1921 1970; baseline 0 -21"><span class='ocrx_word' id='word_1_71' title='bbox 888 1890 1160 1951; x_wconf 88' lang='lat' dir='ltr'>funditus</span> <span class='ocrx_word' id='word_1_72' title='bbox 1207 1891 1684 1970; x_wconf 86' lang='lat' dir='ltr'>inprimeretque</span> <span class='ocrx_word' id='word_1_73' title='bbox 1731 1890 1921 1950; x_wconf 89' lang='lat' dir='ltr'>muris</span> 
     </span>
    </p>
   </div>
   <div class='ocr_carea' id='block_1_6' title="bbox 676 2029 2059 2357">
    <p class='ocr_par' dir='ltr' id='par_1_8' title="bbox 676 2029 2059 2357">
     <span class='ocr_line' id='line_1_18' title="bbox 676 2029 1909 2092; baseline 0.002 -2"><span class='ocrx_word' id='word_1_74' title='bbox 676 2029 896 2090; x_wconf 89' lang='lat' dir='ltr'>hostile</span> <span class='ocrx_word' id='word_1_75' title='bbox 945 2038 1213 2091; x_wconf 87' lang='lat' dir='ltr'>aratrum</span> <span class='ocrx_word' id='word_1_76' title='bbox 1263 2033 1575 2092; x_wconf 86' lang='lat' dir='ltr'>exercitus</span> <span class='ocrx_word' id='word_1_77' title='bbox 1624 2032 1909 2092; x_wconf 88' lang='lat' dir='ltr'>insolens.</span> 
     </span>
     <span class='ocr_line' id='line_1_19' title="bbox 677 2119 2059 2200; baseline 0.001 -22"><span class='ocrx_word' id='word_1_78' title='bbox 677 2137 973 2199; x_wconf 88' lang='lat' dir='ltr'>conpesce</span> <span class='ocrx_word' id='word_1_79' title='bbox 1019 2119 1310 2179; x_wconf 82' lang='lat' dir='ltr'>mentem!</span> <span class='ocrx_word' id='word_1_80' title='bbox 1359 2140 1454 2181; x_wconf 91' lang='lat' dir='ltr'>me</span> <span class='ocrx_word' id='word_1_81' title='bbox 1502 2139 1743 2199; x_wconf 90' lang='lat' dir='ltr'>quoque</span> <span class='ocrx_word' id='word_1_82' title='bbox 1793 2120 2059 2200; x_wconf 90' lang='lat' dir='ltr'>pectoris</span> 
     </span>
     <span class='ocr_line' id='line_1_20' title="bbox 786 2208 1717 2288; baseline 0.001 -21"><span class='ocrx_word' id='word_1_83' title='bbox 786 2208 1106 2288; x_wconf 91' lang='lat' dir='ltr'>temptavit</span> <span class='ocrx_word' id='word_1_84' title='bbox 1151 2209 1210 2268; x_wconf 93' lang='lat' dir='ltr'>in</span> <span class='ocrx_word' id='word_1_85' title='bbox 1259 2209 1421 2269; x_wconf 88' lang='lat' dir='ltr'>dulci</span> <span class='ocrx_word' id='word_1_86' title='bbox 1470 2209 1717 2268; x_wconf 85' lang='lat' dir='ltr'>iuventa</span> 
     </span>
     <span class='ocr_line' id='line_1_21' title="bbox 886 2296 1868 2357; baseline 0.001 -2"><span class='ocrx_word' id='word_1_87' title='bbox 886 2296 1092 2356; x_wconf 82' lang='lat' dir='ltr'>fervor</span> <span class='ocrx_word' id='word_1_88' title='bbox 1137 2305 1200 2356; x_wconf 86' lang='lat' dir='ltr'>et</span> <span class='ocrx_word' id='word_1_89' title='bbox 1246 2297 1307 2355; x_wconf 89' lang='lat' dir='ltr'>in</span> <span class='ocrx_word' id='word_1_90' title='bbox 1355 2296 1589 2356; x_wconf 90' lang='lat' dir='ltr'>celeres</span> <span class='ocrx_word' id='word_1_91' title='bbox 1637 2296 1868 2357; x_wconf 90' lang='lat' dir='ltr'>iambos</span> 
     </span>
    </p>
   </div>
   <div class='ocr_carea' id='block_1_7' title="bbox 675 2436 1947 2782">
    <p class='ocr_par' dir='ltr' id='par_1_9' title="bbox 675 2436 1947 2782">
     <span class='ocr_line' id='line_1_22' title="bbox 675 2436 1874 2517; baseline 0.003 -22"><span class='ocrx_word' id='word_1_92' title='bbox 675 2436 837 2496; x_wconf 87' lang='lat' dir='ltr'>misit</span> <span class='ocrx_word' id='word_1_93' title='bbox 881 2437 1209 2507; x_wconf 81' lang='lat' dir='ltr'>furentem3</span> <span class='ocrx_word' id='word_1_94' title='bbox 1255 2458 1416 2497; x_wconf 92' lang='lat' dir='ltr'>nunc</span> <span class='ocrx_word' id='word_1_95' title='bbox 1462 2457 1579 2517; x_wconf 84' lang='lat' dir='ltr'>ego</span> <span class='ocrx_word' id='word_1_96' title='bbox 1628 2437 1874 2499; x_wconf 88' lang='lat' dir='ltr'>mitibus</span> 
     </span>
     <span class='ocr_line' id='line_1_23' title="bbox 681 2525 1835 2604; baseline 0.002 -20"><span class='ocrx_word' id='word_1_97' title='bbox 681 2535 913 2585; x_wconf 91' lang='lat' dir='ltr'>mutare</span> <span class='ocrx_word' id='word_1_98' title='bbox 960 2544 1186 2604; x_wconf 84' lang='lat' dir='ltr'>quaero</span> <span class='ocrx_word' id='word_1_99' title='bbox 1233 2525 1450 2599; x_wconf 87' lang='lat' dir='ltr'>tristia,</span> <span class='ocrx_word' id='word_1_100' title='bbox 1501 2527 1643 2586; x_wconf 90' lang='lat' dir='ltr'>dum</span> <span class='ocrx_word' id='word_1_101' title='bbox 1692 2526 1835 2586; x_wconf 90' lang='lat' dir='ltr'>mihi</span> 
     </span>
     <span class='ocr_line' id='line_1_24' title="bbox 789 2612 1518 2674; baseline 0.003 -2"><span class='ocrx_word' id='word_1_102' title='bbox 789 2612 901 2674; x_wconf 88' lang='lat' dir='ltr'>fias</span> <span class='ocrx_word' id='word_1_103' title='bbox 947 2614 1277 2674; x_wconf 78' lang='lat' dir='ltr'>recantatis</span> <span class='ocrx_word' id='word_1_104' title='bbox 1324 2616 1518 2674; x_wconf 89' lang='lat' dir='ltr'>amica</span> 
     </span>
     <span class='ocr_line' id='line_1_25' title="bbox 889 2702 1947 2782; baseline 0.001 -20"><span class='ocrx_word' id='word_1_105' title='bbox 889 2702 1224 2782; x_wconf 89' lang='lat' dir='ltr'>obprobriis</span> <span class='ocrx_word' id='word_1_106' title='bbox 1272 2703 1658 2782; x_wconf 88' lang='lat' dir='ltr'>animumque</span> <span class='ocrx_word' id='word_1_107' title='bbox 1706 2703 1947 2763; x_wconf 85' lang='lat' dir='ltr'>reddas.</span> 
     </span>
    </p>
   </div>
   <div class='ocr_carea' id='block_1_8' title="bbox 1244 3074 1471 3144">
    <p class='ocr_par' dir='ltr' id='par_1_10' title="bbox 1244 3074 1471 3144">
     <span class='ocr_line' id='line_1_26' title="bbox 1244 3074 1471 3144; baseline 0 0"><span class='ocrx_word' id='word_1_108' title='bbox 1244 3074 1471 3144; x_wconf 83' lang='lat' dir='ltr'>XVIl.</span> 
     </span>
    </p>
   </div>
   <div class='ocr_carea' id='block_1_9' title="bbox 711 3244 2008 3591">
    <p class='ocr_par' dir='ltr' id='par_1_11' title="bbox 711 3244 2008 3591">
     <span class='ocr_line' id='line_1_27' title="bbox 721 3244 1927 3325; baseline 0.002 -20"><span class='ocrx_word' id='word_1_109' title='bbox 721 3244 915 3305; x_wconf 84' lang='lat' dir='ltr'>Velox</span> <span class='ocrx_word' id='word_1_110' title='bbox 962 3264 1277 3305; x_wconf 90' lang='lat' dir='ltr'>amoenum</span> <span class='ocrx_word' id='word_1_111' title='bbox 1324 3264 1508 3325; x_wconf 87' lang='lat' dir='ltr'>saepe</span> <span class='ocrx_word' id='word_1_112' title='bbox 1556 3244 1927 3307; x_wconf 87' lang='lat' dir='ltr'>Lucretilem</span> 
     </span>
     <span class='ocr_line' id='line_1_28' title="bbox 711 3332 1887 3413; baseline 0.003 -21"><span class='ocrx_word' id='word_1_113' title='bbox 711 3337 905 3394; x_wconf 86' lang='lat' dir='ltr'>mutat</span> <span class='ocrx_word' id='word_1_114' title='bbox 950 3332 1192 3413; x_wconf 85' lang='lat' dir='ltr'>Lycaeo</span> <span class='ocrx_word' id='word_1_115' title='bbox 1243 3333 1490 3393; x_wconf 84' lang='lat' dir='ltr'>Faunus</span> <span class='ocrx_word' id='word_1_116' title='bbox 1538 3339 1601 3394; x_wconf 91' lang='lat' dir='ltr'>et</span> <span class='ocrx_word' id='word_1_117' title='bbox 1646 3334 1887 3413; x_wconf 84' lang='lat' dir='ltr'>igneam</span> 
     </span>
     <span class='ocr_line' id='line_1_29' title="bbox 826 3422 1742 3503; baseline 0 -22"><span class='ocrx_word' id='word_1_118' title='bbox 826 3422 1100 3482; x_wconf 83' lang='lat' dir='ltr'>defendit</span> <span class='ocrx_word' id='word_1_119' title='bbox 1144 3430 1442 3483; x_wconf 87' lang='lat' dir='ltr'>aestatem</span> <span class='ocrx_word' id='word_1_120' title='bbox 1491 3422 1742 3503; x_wconf 85' lang='lat' dir='ltr'>capellis</span> 
     </span>
     <span class='ocr_line' id='line_1_30' title="bbox 922 3510 2008 3591; baseline 0.002 -22"><span class='ocrx_word' id='word_1_121' title='bbox 922 3529 1118 3588; x_wconf 90' lang='lat' dir='ltr'>usque</span> <span class='ocrx_word' id='word_1_122' title='bbox 1166 3510 1314 3570; x_wconf 89' lang='lat' dir='ltr'>meis</span> <span class='ocrx_word' id='word_1_123' title='bbox 1360 3510 1724 3591; x_wconf 86' lang='lat' dir='ltr'>pluviosque</span> <span class='ocrx_word' id='word_1_124' title='bbox 1773 3515 2008 3572; x_wconf 57' lang='lat' dir='ltr'>ventos</span> 
     </span>
    </p>
   </div>
   <div class='ocr_carea' id='block_1_10' title="bbox 710 3648 1950 3977">
    <p class='ocr_par' dir='ltr' id='par_1_12' title="bbox 710 3648 1950 3977">
     <span class='ocr_line' id='line_1_31' title="bbox 711 3648 1895 3731; baseline 0.001 -23"><span class='ocrx_word' id='word_1_125' title='bbox 711 3648 936 3729; x_wconf 89' lang='lat' dir='ltr'>inpune</span> <span class='ocrx_word' id='word_1_126' title='bbox 985 3657 1183 3711; x_wconf 91' lang='lat' dir='ltr'>tutum</span> <span class='ocrx_word' id='word_1_127' title='bbox 1228 3671 1338 3731; x_wconf 90' lang='lat' dir='ltr'>per</span> <span class='ocrx_word' id='word_1_128' title='bbox 1384 3670 1599 3711; x_wconf 89' lang='lat' dir='ltr'>nemus</span> <span class='ocrx_word' id='word_1_129' title='bbox 1645 3654 1895 3712; x_wconf 90' lang='lat' dir='ltr'>arbutos</span> 
     </span>
     <span class='ocr_line' id='line_1_32' title="bbox 710 3738 1950 3821; baseline 0.002 -24"><span class='ocrx_word' id='word_1_130' title='bbox 710 3748 1015 3816; x_wconf 88' lang='lat' dir='ltr'>quaerunt</span> <span class='ocrx_word' id='word_1_131' title='bbox 1062 3738 1312 3799; x_wconf 82' lang='lat' dir='ltr'>latenti‘s</span> <span class='ocrx_word' id='word_1_132' title='bbox 1360 3750 1423 3799; x_wconf 92' lang='lat' dir='ltr'>et</span> <span class='ocrx_word' id='word_1_133' title='bbox 1469 3740 1684 3821; x_wconf 86' lang='lat' dir='ltr'>thyma</span> <span class='ocrx_word' id='word_1_134' title='bbox 1730 3740 1950 3800; x_wconf 84' lang='lat' dir='ltr'>deviae</span> 
     </span>
     <span class='ocr_line' id='line_1_33' title="bbox 822 3827 1582 3902; baseline 0.001 -16"><span class='ocrx_word' id='word_1_135' title='bbox 822 3827 1042 3886; x_wconf 87' lang='lat' dir='ltr'>olentis</span> <span class='ocrx_word' id='word_1_136' title='bbox 1088 3846 1316 3887; x_wconf 84' lang='lat' dir='ltr'>uxores</span> <span class='ocrx_word' id='word_1_137' title='bbox 1362 3828 1582 3902; x_wconf 87' lang='lat' dir='ltr'>mariti,</span> 
     </span>
     <span class='ocr_line' id='line_1_34' title="bbox 922 3915 1949 3977; baseline 0 -3"><span class='ocrx_word' id='word_1_138' title='bbox 922 3934 1037 3975; x_wconf 88' lang='lat' dir='ltr'>nec</span> <span class='ocrx_word' id='word_1_139' title='bbox 1083 3916 1298 3975; x_wconf 62' lang='lat' dir='ltr'>viridis</span> <span class='ocrx_word' id='word_1_140' title='bbox 1346 3922 1626 3977; x_wconf 86' lang='lat' dir='ltr'>metuunt</span> <span class='ocrx_word' id='word_1_141' title='bbox 1671 3915 1949 3976; x_wconf 87' lang='lat' dir='ltr'>colubras</span> 
     </span>
    </p>
   </div>
   <div class='ocr_carea' id='block_1_11' title="bbox 710 4054 1865 4401">
    <p class='ocr_par' dir='ltr' id='par_1_13' title="bbox 710 4054 1865 4401">
     <span class='ocr_line' id='line_1_35' title="bbox 710 4054 1785 4137; baseline 0.002 -22"><span class='ocrx_word' id='word_1_142' title='bbox 710 4075 824 4116; x_wconf 88' lang='lat' dir='ltr'>nec</span> <span class='ocrx_word' id='word_1_143' title='bbox 871 4054 1174 4118; x_wconf 66' lang='lat' dir='ltr'>Martialis</span> <span class='ocrx_word' id='word_1_144' title='bbox 1221 4056 1547 4117; x_wconf 88' lang='lat' dir='ltr'>Haediliae</span> <span class='ocrx_word' id='word_1_145' title='bbox 1595 4055 1785 4137; x_wconf 91' lang='lat' dir='ltr'>lupos,</span> 
     </span>
     <span class='ocr_line' id='line_1_36' title="bbox 710 4144 1865 4225; baseline -0.001 -20"><span class='ocrx_word' id='word_1_146' title='bbox 710 4150 1041 4224; x_wconf 88' lang='lat' dir='ltr'>utcumque</span> <span class='ocrx_word' id='word_1_147' title='bbox 1089 4144 1271 4219; x_wconf 88' lang='lat' dir='ltr'>dulci,</span> <span class='ocrx_word' id='word_1_148' title='bbox 1322 4144 1613 4225; x_wconf 84' lang='lat' dir='ltr'>Tyndari,</span> <span class='ocrx_word' id='word_1_149' title='bbox 1659 4144 1865 4206; x_wconf 88' lang='lat' dir='ltr'>fistula</span> 
     </span>
     <span class='ocr_line' id='line_1_37' title="bbox 827 4231 1756 4295; baseline 0.002 -4"><span class='ocrx_word' id='word_1_150' title='bbox 827 4233 1019 4293; x_wconf 85' lang='lat' dir='ltr'>valles</span> <span class='ocrx_word' id='word_1_151' title='bbox 1066 4240 1130 4292; x_wconf 94' lang='lat' dir='ltr'>et</span> <span class='ocrx_word' id='word_1_152' title='bbox 1175 4231 1426 4295; x_wconf 87' lang='lat' dir='ltr'>Usticae</span> <span class='ocrx_word' id='word_1_153' title='bbox 1474 4233 1756 4293; x_wconf 87' lang='lat' dir='ltr'>cubantis</span> 
     </span>
     <span class='ocr_line' id='line_1_38' title="bbox 921 4319 1715 4401; baseline 0.003 -22"><span class='ocrx_word' id='word_1_154' title='bbox 921 4319 1083 4380; x_wconf 80' lang='lat' dir='ltr'>levia</span> <span class='ocrx_word' id='word_1_155' title='bbox 1127 4340 1498 4401; x_wconf 88' lang='lat' dir='ltr'>personuere</span> <span class='ocrx_word' id='word_1_156' title='bbox 1545 4339 1715 4383; x_wconf 85' lang='lat' dir='ltr'>saxa.</span> 
     </span>
    </p>
   </div>
   <div class='ocr_carea' id='block_1_12' title="bbox 2399 234 2478 296">
    <p class='ocr_par' dir='ltr' id='par_1_14' title="bbox 2399 234 2478 296">
     <span class='ocr_line' id='line_1_39' title="bbox 2399 234 2478 296; baseline 0 0"><span class='ocrx_word' id='word_1_157' title='bbox 2399 234 2478 296; x_wconf 88' lang='lat'>13</span> 
     </span>
    </p>
   </div>
   <div class='ocr_carea' id='block_1_13' title="bbox 2484 1498 2540 1538">
    <p class='ocr_par' dir='ltr' id='par_1_15' title="bbox 2484 1498 2540 1538">
     <span class='ocr_line' id='line_1_40' title="bbox 2484 1498 2540 1538; baseline 0 0"><span class='ocrx_word' id='word_1_158' title='bbox 2484 1498 2496 1538; x_wconf 83' lang='lat' dir='ltr'>l</span> <span class='ocrx_word' id='word_1_159' title='bbox 2512 1500 2540 1538; x_wconf 69' lang='lat' dir='ltr'>ri</span> 
     </span>
    </p>
   </div>
   <div class='ocr_carea' id='block_1_14' title="bbox 2476 1898 2543 1942">
    <p class='ocr_par' dir='ltr' id='par_1_16' title="bbox 2476 1898 2543 1942">
     <span class='ocr_line' id='line_1_41' title="bbox 2476 1898 2543 1942; baseline -0.06 -1"><span class='ocrx_word' id='word_1_160' title='bbox 2476 1898 2524 1942; x_wconf 62' lang='lat' dir='ltr'>&#39;ji‘</span> <span class='ocrx_word' id='word_1_161' title='bbox 2532 1902 2543 1938; x_wconf 72' lang='lat' dir='ltr'>l·</span> 
     </span>
    </p>
   </div>
  </div>
 </body>
</html>
