3059 4850
682 278 801 322 HORATl
817 278 989 323 susumus

788 429 882 500 XIV.

498 565 585 626 Eheu
608 567 742 646 fugaces,
766 565 909 626 Postume
934 565 1088 642 Postume,

498 655 641 715 labuntur
663 655 743 728 anni,
767 673 823 715 neo
846 656 944 734 pietas
968 675 1082 716 moram

540 742 626 821 rugis
649 751 682 802 et
703 742 827 803 instanti
851 749 993 804 senectae

585 830 704 891 adseret
726 831 952 910 indomitaeque
976 832 1077 907 morti3

496 991 565 1045 non,
588 972 614 1031 si
638 971 779 1046 trecenis,
802 977 952 1051 quotquot
975 982 1049 1033 eunt
1072 974 1146 1048 dies,

497 1061 602 1133 amice,
624 1060 728 1140 places
751 1060 1002 1120 inlacrimabilem

541 1147 671 1208 Plutona
694 1149 799 1221 tauris,
822 1149 873 1228 qui
897 1156 945 1209 ter
968 1150 1101 1230 amplum

585 1233 753 1316 Geryonen
778 1236 953 1316 Tityonque
976 1238 1056 1297 tristi

497 1378 652 1458 conpescit
674 1378 756 1437 unda
780 1377 897 1438 scilicet
919 1379 1066 1450 omnibus,

497 1466 678 1546 quicumque
702 1474 802 1526 terrae
826 1486 954 1526 munere
978 1467 1138 1543 vescimur,

540 1555 741 1634 enaviganda,
765 1555 831 1613 sive
855 1573 944 1633 reges

585 1642 651 1702 sive
674 1642 781 1724 inopes
805 1643 916 1702 erimus
940 1643 1046 1703 coloni.

495 1783 611 1843 frustra
634 1789 759 1843 cruento
783 1782 884 1843 Marte
908 1783 1078 1843 carebimus

497 1870 660 1949 fractisque
684 1872 768 1931 ranei
791 1870 934 1930 fluctibus
959 1870 1101 1944 Hadriae,

540 1959 654 2020 frustra
677 1979 733 2039 per
755 1964 917 2019 autumnos
941 1966 1099 2019 nocentem

584 2048 760 2127 corporibus
784 2054 953 2107 metuemus
977 2048 1130 2107 Austrum.

496 2188 643 2248 visendus
668 2196 735 2247 ater
757 2187 881 2247 flumine
905 2187 1047 2266 languido

497 2275 629 2356 Cocytos
652 2294 759 2336 errans
783 2285 815 2334 et
838 2275 934 2335 Danai
957 2295 1055 2353 genus

541 2364 651 2423 infame
676 2364 897 2444 damnatusque
921 2363 1002 2443 longi

584 2452 734 2533 Sisyphus
758 2452 902 2512 Aeolides
926 2449 1045 2512 laboris.

495 2593 662 2673 linquenda
685 2592 777 2654 tellus
801 2601 832 2653 et
856 2594 962 2653 domus
986 2600 1017 2653 et
1039 2593 1164 2673 placens

496 2701 583 2757 uxor,
607 2701 706 2760 neque
730 2683 845 2755 harum,
868 2700 943 2760 quas
967 2680 1050 2754 colis,
1072 2683 1212 2741 arborum

540 2773 571 2830 te
594 2775 717 2850 praeter
738 2770 854 2830 invisas
877 2787 1038 2850 cupressos

585 2857 647 2918 ulla
671 2859 795 2918 brevem
819 2859 971 2918 dominum
996 2863 1150 2936 sequetur.

496 3000 636 3059 absumet
659 2997 748 3058 heres
772 2996 913 3058 Caecuba
936 2998 1056 3077 dignior

496 3089 620 3147 servata
643 3090 764 3146 oeutum
788 3085 925 3145 clavibus
948 3098 980 3146 et
1001 3106 1083 3147 mero

540 3175 659 3253 tinguet
680 3173 887 3254 pavimentum
911 3176 1051 3254 superbo,

583 3260 757 3343 pontificum
781 3263 898 3341 potiore
921 3262 1012 3323 cenis.

796 3530 872 3602 XV.

494 3667 559 3728 Iam
582 3687 679 3749 pauca
702 3677 802 3731 aratro
827 3669 933 3746 iugera
956 3666 1061 3746 regiae

493 3757 589 3817 moles
612 3757 795 3838 relinquent,
818 3757 952 3836 undique
975 3755 1068 3816 latius

539 3851 664 3905 extenta
687 3846 824 3905 visentur
848 3845 977 3906 Lucrino

582 3939 692 4009 stagna
714 3932 783 3992 lacu
804 3931 1007 4012 platanusque
1031 3931 1152 3992 caelebs

494 4070 615 4130 evincet
637 4070 749 4130 ulmos:
774 4081 836 4129 tum
861 4071 988 4131 violaria
1010 4077 1042 4132 et

493 4165 613 4238 myrtus
636 4165 669 4219 et
691 4158 786 4218 omnis
809 4158 895 4239 copia
918 4160 1035 4220 narium

472 4287 474 4292 <
538 4253 683 4328 spargent
707 4245 826 4306 olivetis
850 4247 973 4308 odorem

581 4333 730 4394 fertilibus
754 4334 873 4394 domino
896 4334 1003 4415 priori3
