3059 4850
316 3555 380 3591 [iu

840 1298 1373 1393 CARMEN
1440 1282 2243 1392 SAECULARE.

848 1588 1128 1711 Phoebe
1174 1646 1592 1727 silvarumque
1638 1652 1856 1729 potens
1904 1647 2119 1723 Diana,

847 1736 1111 1798 lucidum
1159 1735 1314 1796 caeli
1363 1736 1570 1811 decus,
1617 1755 1652 1796 o
1697 1737 1935 1797 colendi

846 1842 1088 1905 semper
1133 1826 1198 1884 et
1242 1823 1407 1899 culti,
1456 1824 1618 1899 date,
1665 1844 1821 1904 quae
1866 1843 2188 1905 precamur

1020 1918 1294 1992 tempore
1340 1931 1532 1985 sacm,

845 2073 964 2133 quo
1012 2051 1297 2134 Sibyllini
1341 2070 1631 2113 monuere
1676 2072 1897 2113 versus

845 2142 1118 2222 virgines
1165 2141 1355 2201 lectas
1400 2160 1747 2221 puerosque
1792 2146 1994 2202 castos

848 2231 961 2306 dis,
1006 2230 1228 2310 quibus
1274 2234 1507 2309 septem
1554 2228 1840 2310 placuere
1886 2229 2095 2305 colles,

1025 2318 1229 2379 dicere
1277 2335 1539 2377 carmen.

846 2461 1005 2520 alme
1053 2453 1177 2533 Sol,
1224 2477 1407 2520 curru
1453 2458 1641 2518 nitido
1690 2458 1850 2518 diem
1896 2458 2036 2538 qni*

845 2547 1072 2630 promis
1119 2555 1186 2608 et
1230 2545 1395 2606 celas
1439 2546 1718 2626 aliusque
1763 2551 1827 2606 et
1872 2546 2037 2607 idem

847 2635 1136 2711 nasceris,
1183 2635 1383 2715 possis
1431 2634 1580 2695 nihil
1627 2636 1778 2695 urbe
1828 2634 2020 2695 Roma

1023 2724 1225 2784 visere
1271 2722 1483 2784 maius.

844 2864 961 2925 rite
1007 2868 1278 2925 maturos
1325 2863 1564 2944 aperire
1609 2872 1823 2944 partus

845 2952 1020 3029 leniS,
1065 2951 1344 3033 Ilithyia„
1390 2960 1564 3012 tuere
1611 2957 1856 3026 manee,

846 3042 978 3102 sive
1025 3045 1090 3101 tu
1138 3039 1369 3101 Lucina
1414 3042 1636 3120 probas
1680 3040 1884 3101 vocari

1023 3147 1132 3189 seu
1180 3127 1514 3203 Genitalis;

846 3271 1006 3346 diva,
1054 3270 1356 3351 producas
1403 3269 1676 3330 subolem
1722 3272 2089 3349 patrumque

843 3377 1170 3442 prosperes
1217 3359 1468 3419 decreta
1513 3377 1699 3438 super
1747 3356 2030 3437 iugandis

844 3448 1084 3511 feminis
1129 3446 1441 3527 prolisque
1490 3464 1685 3505 novae
1729 3445 1917 3506 feraci

1020 3535 1162 3614 lege
1210 3536 1442 3606 marita,

845 3683 1049 3736 certus
1094 3676 1371 3736 undenos
1420 3674 1670 3735 deciens
1716 3693 1827 3754 per
1874 3692 2063 3735 annos

847 3764 1009 3825 orbis
1053 3768 1123 3824 ut
1169 3767 1386 3824 cantus
1432 3762 1782 3842 referatque
1831 3763 2028 3839 ludos,

845 3862 942 3913 ter
989 3851 1086 3912 die
1134 3851 1297 3911 claro
1347 3850 1694 3930 totiensque
1741 3856 1920 3930 grata

1020 3945 1196 4000 nocte
1241 3939 1603 4017 frequentIs.

845 4099 1095 4160 vosque,
1140 4097 1399 4140 veraces
1447 4078 1742 4139 cecinisse
1787 4078 2039 4154 Parcae,

843 4169 1009 4249 quod
1056 4166 1247 4230 semel
1294 4166 1525 4227 dictum
1573 4171 1667 4226 est
1713 4167 2073 4248 stabilisque
2120 4186 2330 4230 rerum

842 4256 1139 4318 terminus
1186 4261 1416 4329 servet,
1461 4255 1622 4316 bona
1668 4254 1783 4314 iam
1831 4256 2098 4336 peractis

1019 4344 1258 4424 iungite
1306 4343 1453 4404 fata.
