3059 4850
1193 257 1312 304 ΜΒ.
1343 259 1429 303 111.
1458 262 1658 298 vn—x.

1390 409 1510 480 IX.

666 546 854 606 Puer:
904 546 1112 607 Donec
1160 552 1374 626 gratus
1421 565 1589 607 eram
1636 547 1742 608 tibi

841 653 954 695 nec
1002 634 1322 714 quisquam
1368 634 1563 715 potior
1610 636 1893 697 bracchia
1940 638 2236 698 candidae

754 722 984 783 cervici
1032 723 1271 783 iuvenis
1321 723 1524 798 dabat,

843 810 1171 871 Persarum
1219 811 1391 890 vigui
1440 831 1589 890 rege
1636 813 1885 874 beatior.

664 949 893 1031 Lydia:
943 951 1138 1011 donec
1186 971 1303 1011 non
1353 951 1470 1011 alia
1516 953 1713 1032 magis

840 1039 1046 1099 arsisti
1093 1059 1294 1118 neque
1341 1045 1476 1100 erat
1520 1041 1722 1120 Lydia
1768 1047 1907 1122 post
1954 1040 2200 1114 Chloen,

754 1127 926 1188 multi
976 1127 1179 1208 Lydia
1226 1128 1502 1203 nominis,

841 1215 1114 1277 Romana
1159 1216 1349 1294 vigui,
1377 1217 1597 1277 clarior
1641 1216 1776 1278 Ilia.

662 1354 732 1415 P.
780 1375 879 1416 me
925 1375 1089 1417 nunc
1136 1356 1408 1418 Thressa
1457 1354 1646 1422 Chloe
1694 1359 1870 1439 regit,

842 1445 1040 1505 dulcis
1091 1445 1269 1506 docta
1315 1448 1526 1507 modos
1574 1454 1637 1506 et
1682 1447 1951 1509 citharae
2000 1447 2216 1522 sciens,

755 1551 863 1613 pro
910 1552 1030 1613 qua
1075 1553 1191 1595 non
1240 1538 1508 1594 metuam
1553 1535 1725 1609 mori,

840 1621 892 1680 si
939 1627 1193 1702 parcent
1237 1622 1474 1684 animae
1522 1623 1647 1683 fata
1692 1623 2025 1704 superstiti.

659 1760 729 1823 L.
777 1781 873 1822 me
920 1766 1111 1824 torret
1159 1764 1290 1824 face
1339 1769 1549 1825 mutua

842 1850 1099 1912 Thurini
1148 1849 1352 1913 Calais
1400 1851 1563 1913 filius
1613 1851 1857 1934 Ornyti,

751 1958 860 2018 pro
907 1959 1025 2018 quo
1074 1940 1167 1999 bis
1214 1940 1416 2019 patiar
1461 1942 1630 2016 mori,

839 2027 889 2086 si
936 2034 1195 2108 parcent
1237 2048 1427 2110 puero
1476 2029 1601 2091 fata
1646 2030 1979 2121 superstiti.

658 2167 728 2228 P.
776 2168 923 2249 quid
970 2169 1022 2228 si
1067 2170 1268 2250 prisca
1316 2171 1476 2231 redit
1523 2170 1756 2243 Venus,

842 2257 1246 2338 diductosque
1294 2259 1435 2339 iugo
1485 2260 1650 2339 cogit
1695 2257 1933 2320 ae‘neo‘?

750 2345 802 2405 si
849 2344 1010 2406 flava
1057 2347 1369 2407 excutitur
1417 2345 1627 2422 Chloe,

836 2435 1226 2516 reiectaeque
1275 2441 1446 2516 patet
1491 2437 1674 2498 ianua
1719 2434 2001 2516 Lydiae?

658 2576 728 2637 L.
777 2595 1141 2656 quamquam
1189 2576 1390 2637 sidere
1437 2578 1748 2658 pulchrior

837 2664 939 2724 ille
987 2671 1098 2736 est,
1146 2674 1214 2725 tu
1260 2666 1456 2726 levior
1502 2666 1728 2726 cortice
1776 2673 1839 2727 et
1883 2666 2132 2747 inprobo

750 2753 1097 2814 iracundior
1146 2752 1398 2827 Hadria,

837 2847 1039 2901 tecum
1086 2841 1297 2901 vivere
1344 2861 1560 2918 amem,
1617 2851 1819 2904 tecum
1876 2844 2087 2904 obeam
2139 2843 2344 2903 libens.

1414 3111 1498 3181 X.

768 3244 1134 3307 Extremum
1183 3246 1415 3308 Tanain
1463 3248 1514 3307 si
1565 3247 1825 3321 biberes,
1873 3247 2062 3327 Lyce,

767 3354 954 3396 saevo
1002 3338 1191 3415 nupta
1237 3336 1389 3410 viro,
1435 3355 1532 3395 me
1580 3340 1784 3396 tamen
1833 3354 2083 3416 asperas

766 3429 1119 3504 porrectum
1168 3429 1308 3485 ante
1356 3425 1508 3484 foris
1556 3423 1798 3484 obicere
1844 3424 2058 3485 incolis

942 3512 1216 3592 plorares
1267 3512 1686 3591 Aquilonibus.

764 3652 962 3727 audiS,
1009 3672 1127 3732 quo
1175 3652 1435 3733 strepitu
1482 3653 1683 3727 ianua,
1730 3672 1846 3731 quo
1895 3671 2108 3734 nemus

766 3740 928 3802 inter
973 3741 1229 3821 pulchra
1275 3747 1474 3801 satum
1522 3746 1690 3802 tecta
1733 3741 2038 3821 remugiat

766 3829 989 3903 ventis,
1035 3835 1100 3889 et
1146 3829 1375 3909 positas
1422 3834 1492 3889 ut
1538 3829 1766 3908 glaciet
1812 3830 1974 3889 nivis

941 3937 1093 3998 puro
1142 3917 1388 3977 numine
1435 3916 1745 3998 Iuppiter!

765 4059 1075 4138 ingratam
1126 4058 1352 4119 Veneri
1398 4079 1555 4140 pone
1604 4059 1968 4140 superbiam,

766 4166 842 4207 ne
893 4154 1176 4208 currente
1226 4152 1390 4209 retro
1436 4148 1601 4208 funis
1648 4154 1750 4209 eat
1794 4151 1956 4224 rota3

767 4254 884 4296 non
936 4240 997 4297 te
1046 4235 1394 4317 Penelopen
1444 4234 1755 4297 difficilem
1802 4236 2001 4317 procis

944 4323 1304 4403 Tyrrhenus
1351 4324 1566 4404 genuit
1610 4327 1859 4405 parens!

2488 234 2568 290 53

2577 2042 2633 2090 1ss

2567 2447 2633 2495 ¹2⁴]
