3059 4850
1122 251 1182 294 LI
1191 251 1243 297 Β.
1273 251 1312 296 1.
1341 255 1712 291 xxv—xxvm.

838 396 950 458 vix
996 417 1118 458 una
1162 417 1378 479 sospes
1423 398 1600 459 navis
1647 400 1723 460 ab
1771 398 2033 479 ignibus,

842 491 1227 565 mentemque
1274 487 1654 568 lymphatam
1704 487 2039 550 Mareotico

927 575 1172 654 redegit
1216 574 1277 635 in
1325 595 1506 636 veros
1556 575 1802 636 timores

1014 659 1260 740 Caesar,
1309 663 1385 724 ab
1433 663 1617 724 Italia
1661 662 1970 726 volantem

838 803 1022 864 remis
1069 805 1442 884 adurguens,
1488 805 1779 886 accipiter
1824 805 1998 866 velut

839 892 1054 952 molles
1099 893 1411 954 columbas
1459 900 1567 954 aut
1612 892 1884 974 leporem
1935 895 2093 954 citus

927 986 1183 1041 venator
1228 982 1290 1041 in
1337 981 1567 1061 campis
1613 982 1834 1043 nivalis

1017 1068 1408 1142 Haemoniae,
1456 1071 1633 1130 daret
1679 1077 1748 1130 ut
1792 1071 2027 1132 catenis

840 1209 1026 1270 fatale
1069 1215 1424 1270 monstrum.
1474 1230 1632 1290 quae
1680 1212 2041 1291 generosius

841 1297 1042 1378 perire
1089 1317 1391 1377 quaerens
1441 1319 1555 1359 nec
1601 1300 1983 1360 muliebriter

927 1386 1182 1466 expavit
1226 1406 1436 1447 ensem
1483 1404 1599 1448 nec
1645 1387 1898 1449 latentis

1017 1475 1215 1535 classe
1260 1475 1382 1536 cita
1425 1476 1743 1556 reparavit
1788 1495 1955 1553 oras3

839 1634 992 1677 ausa
1035 1620 1100 1676 et
1143 1616 1444 1676 iacentem
1492 1616 1699 1678 visere
1745 1618 1979 1697 regiam

839 1705 1010 1765 voltu
1057 1724 1294 1779 serene,
1340 1704 1515 1765 fortis
1563 1712 1627 1766 et
1673 1725 1924 1787 asperas

927 1797 1189 1854 tractare
1237 1800 1577 1873 serpentes,
1626 1799 1696 1854 ut
1741 1802 1943 1855 atrum

1016 1900 1268 1962 corpore
1316 1882 1675 1943 conbiberet
1721 1902 2045 1956 venenum,

842 2022 1181 2082 deliberata
1225 2027 1419 2083 morte
1465 2022 1743 2097 ferocior,

842 2110 1044 2171 saevis
1090 2109 1376 2170 Liburnis
1422 2111 1658 2171 scilicet
1703 2111 1989 2172 invidens
2069 2111 2079 2132 ⁸

927 2198 1170 2279 privata
1217 2198 1438 2259 deduci
1484 2200 1769 2278 superbe,

1015 2306 1133 2347 non
1180 2286 1422 2347 humilis
1468 2287 1705 2362 mulier,
1753 2287 2075 2368 triumpho.

1217 2590 1618 2662 XXXVIII.

849 2761 1132 2824 Persicos
1177 2763 1297 2837 odi,
1343 2783 1516 2844 puer,
1565 2765 1914 2843 adparatus,

847 2851 1172 2931 displicent
1217 2871 1415 2912 nexae
1461 2851 1708 2933 philyra
1757 2870 2030 2927 coronae,

844 2940 1018 3000 mitte
1064 2939 1306 3010 sectari,
1351 2959 1491 3001 rosa
1537 2960 1657 3019 quo
1704 2940 1973 3001 locorum

1023 3047 1164 3088 sera
1207 3036 1498 3093 moretur.

843 3169 1104 3250 simplici
1150 3174 1351 3249 myrto
1399 3169 1551 3229 nihil
1596 3170 1921 3231 adlabores

842 3258 1116 3333 sedulus,
1164 3277 1338 3318 curo:
1386 3276 1586 3337 neque
1633 3265 1694 3317 te
1742 3257 2089 3318 ministrum

843 3347 1108 3407 dedecet
1152 3355 1394 3425 myrtus
1442 3365 1645 3425 neque
1692 3365 1789 3405 me
1836 3347 1949 3407 sub
1998 3350 2134 3406 arta

1015 3435 1142 3496 vite
1189 3435 1514 3495 bibentem.

2532 674 2592 722 lffi

2528 1486 2588 1530 Ἠ
