<?xml version="1.0" encoding="UTF-8"?>
<!DOCTYPE html PUBLIC "-//W3C//DTD XHTML 1.0 Transitional//EN"
    "http://www.w3.org/TR/xhtml1/DTD/xhtml1-transitional.dtd">
<html xmlns="http://www.w3.org/1999/xhtml" xml:lang="en" lang="en">
 <head>
  <title>
</title>
<meta http-equiv="Content-Type" content="text/html;charset=utf-8" />
  <meta name='ocr-system' content='tesseract 3.04.00' />
  <meta name='ocr-capabilities' content='ocr_page ocr_carea ocr_par ocr_line ocrx_word'/>
</head>
<body>
  <div class='ocr_page' id='page_1' title='image "./odenundepoden01horagoog_0034.png"; bbox 0 0 3059 4850; ppageno 0'>
   <div class='ocr_carea' id='block_1_1' title="bbox 666 247 973 292">
    <p class='ocr_par' dir='ltr' id='par_1_1' title="bbox 666 247 973 292">
     <span class='ocr_line' id='line_1_1' title="bbox 666 247 973 292; baseline 0.007 -2"><span class='ocrx_word' id='word_1_1' title='bbox 666 247 787 291; x_wconf 72' lang='lat' dir='ltr'><strong>noum</strong></span> <span class='ocrx_word' id='word_1_2' title='bbox 802 247 973 292; x_wconf 73' lang='lat' dir='ltr'><strong>GARMlNUH</strong></span> 
     </span>
    </p>
   </div>
   <div class='ocr_carea' id='block_1_2' title="bbox 735 503 902 574">
    <p class='ocr_par' dir='ltr' id='par_1_2' title="bbox 735 503 902 574">
     <span class='ocr_line' id='line_1_2' title="bbox 735 503 902 574; baseline -0.006 0"><span class='ocrx_word' id='word_1_3' title='bbox 735 503 902 574; x_wconf 90' lang='lat' dir='ltr'><strong>XXXlll.</strong></span> 
     </span>
    </p>
   </div>
   <div class='ocr_carea' id='block_1_3' title="bbox 479 674 1099 1021">
    <p class='ocr_par' dir='ltr' id='par_1_3' title="bbox 480 674 1099 756">
     <span class='ocr_line' id='line_1_3' title="bbox 480 674 1099 756; baseline 0 -20"><span class='ocrx_word' id='word_1_4' title='bbox 480 674 561 748; x_wconf 85' lang='lat' dir='ltr'><strong>Albi,</strong></span> <span class='ocrx_word' id='word_1_5' title='bbox 584 695 623 736; x_wconf 94' lang='lat' dir='ltr'><strong>ne</strong></span> <span class='ocrx_word' id='word_1_6' title='bbox 646 676 751 736; x_wconf 79' lang='lat' dir='ltr'><strong>doleas</strong></span> <span class='ocrx_word' id='word_1_7' title='bbox 776 676 845 756; x_wconf 90' lang='lat' dir='ltr'><strong>plus</strong></span> <span class='ocrx_word' id='word_1_8' title='bbox 868 675 961 737; x_wconf 91' lang='lat' dir='ltr'><strong>nimio</strong></span> <span class='ocrx_word' id='word_1_9' title='bbox 984 694 1099 737; x_wconf 90' lang='lat' dir='ltr'><strong>memor</strong></span> 
     </span>
    </p>

    <p class='ocr_par' dir='ltr' id='par_1_4' title="bbox 479 761 1065 845">
     <span class='ocr_line' id='line_1_4' title="bbox 479 761 1065 845; baseline 0.002 -22"><span class='ocrx_word' id='word_1_10' title='bbox 479 763 595 824; x_wconf 90' lang='lat' dir='ltr'><strong>inmitis</strong></span> <span class='ocrx_word' id='word_1_11' title='bbox 620 761 774 845; x_wconf 74' lang='lat' dir='ltr'>Glycerae</span> <span class='ocrx_word' id='word_1_12' title='bbox 797 784 858 823; x_wconf 87' lang='lat' dir='ltr'><strong>nau</strong></span> <span class='ocrx_word' id='word_1_13' title='bbox 881 764 1065 825; x_wconf 77' lang='lat' dir='ltr'><strong>miserabilis</strong></span> 
     </span>
    </p>

    <p class='ocr_par' dir='ltr' id='par_1_5' title="bbox 481 852 1042 1021">
     <span class='ocr_line' id='line_1_5' title="bbox 481 852 1042 931; baseline 0 -19"><span class='ocrx_word' id='word_1_14' title='bbox 481 852 627 913; x_wconf 86' lang='lat' dir='ltr'><strong>decantes</strong></span> <span class='ocrx_word' id='word_1_15' title='bbox 650 853 765 931; x_wconf 80' lang='lat' dir='ltr'>elegos,</span> <span class='ocrx_word' id='word_1_16' title='bbox 789 872 843 912; x_wconf 89' lang='lat' dir='ltr'><strong>eur</strong></span> <span class='ocrx_word' id='word_1_17' title='bbox 867 852 920 912; x_wconf 90' lang='lat' dir='ltr'><strong>tibi</strong></span> <span class='ocrx_word' id='word_1_18' title='bbox 944 852 1042 913; x_wconf 92' lang='lat' dir='ltr'><strong>iunior</strong></span> 
     </span>
     <span class='ocr_line' id='line_1_6' title="bbox 524 940 893 1021; baseline 0.003 -22"><span class='ocrx_word' id='word_1_19' title='bbox 524 941 609 1001; x_wconf 86' lang='lat' dir='ltr'><strong>laesa</strong></span> <span class='ocrx_word' id='word_1_20' title='bbox 630 940 802 1021; x_wconf 79' lang='lat' dir='ltr'><strong>praeniteat</strong></span> <span class='ocrx_word' id='word_1_21' title='bbox 823 940 893 1001; x_wconf 84' lang='lat' dir='ltr'><strong>lide.</strong></span> 
     </span>
    </p>
   </div>
   <div class='ocr_carea' id='block_1_4' title="bbox 481 1080 1134 1427">
    <p class='ocr_par' dir='ltr' id='par_1_6' title="bbox 481 1080 1039 1162">
     <span class='ocr_line' id='line_1_7' title="bbox 481 1080 1039 1162; baseline 0 -22"><span class='ocrx_word' id='word_1_22' title='bbox 481 1080 632 1160; x_wconf 80' lang='lat' dir='ltr'><strong>insignem</strong></span> <span class='ocrx_word' id='word_1_23' title='bbox 654 1081 740 1142; x_wconf 89' lang='lat' dir='ltr'><strong>tenui</strong></span> <span class='ocrx_word' id='word_1_24' title='bbox 763 1081 863 1141; x_wconf 84' lang='lat' dir='ltr'><strong>fronte</strong></span> <span class='ocrx_word' id='word_1_25' title='bbox 887 1080 1039 1162; x_wconf 85' lang='lat' dir='ltr'><strong>Lycorida</strong></span> 
     </span>
    </p>

    <p class='ocr_par' dir='ltr' id='par_1_7' title="bbox 481 1166 1134 1250">
     <span class='ocr_line' id='line_1_8' title="bbox 481 1166 1134 1250; baseline -0.003 -20"><span class='ocrx_word' id='word_1_26' title='bbox 481 1166 556 1250; x_wconf 83' lang='lat' dir='ltr'><strong>Cyri</strong></span> <span class='ocrx_word' id='word_1_27' title='bbox 579 1174 675 1230; x_wconf 90' lang='lat' dir='ltr'><strong>torret</strong></span> <span class='ocrx_word' id='word_1_28' title='bbox 698 1188 791 1244; x_wconf 91' lang='lat' dir='ltr'><strong>amor,</strong></span> <span class='ocrx_word' id='word_1_29' title='bbox 814 1168 915 1250; x_wconf 78' lang='lat' dir='ltr'><strong>Cyrus</strong></span> <span class='ocrx_word' id='word_1_30' title='bbox 939 1169 969 1228; x_wconf 92' lang='lat' dir='ltr'><strong>in</strong></span> <span class='ocrx_word' id='word_1_31' title='bbox 993 1187 1134 1249; x_wconf 84' lang='lat' dir='ltr'><strong>asperam</strong></span> 
     </span>
    </p>

    <p class='ocr_par' dir='ltr' id='par_1_8' title="bbox 482 1256 1108 1427">
     <span class='ocr_line' id='line_1_9' title="bbox 482 1256 1108 1338; baseline -0.002 -21"><span class='ocrx_word' id='word_1_32' title='bbox 482 1257 615 1318; x_wconf 81' lang='lat' dir='ltr'><strong>declinat</strong></span> <span class='ocrx_word' id='word_1_33' title='bbox 637 1256 786 1319; x_wconf 80' lang='lat' dir='ltr'><strong>Pholoen:</strong></span> <span class='ocrx_word' id='word_1_34' title='bbox 809 1257 866 1317; x_wconf 91' lang='lat' dir='ltr'><strong>sed</strong></span> <span class='ocrx_word' id='word_1_35' title='bbox 887 1256 973 1337; x_wconf 90' lang='lat' dir='ltr'><strong>prius</strong></span> <span class='ocrx_word' id='word_1_36' title='bbox 996 1257 1108 1338; x_wconf 82' lang='lat' dir='ltr'><strong>Apulis</strong></span> 
     </span>
     <span class='ocr_line' id='line_1_10' title="bbox 568 1345 1001 1427; baseline 0 -22"><span class='ocrx_word' id='word_1_37' title='bbox 568 1345 736 1425; x_wconf 77' lang='lat' dir='ltr'><strong>iungentur</strong></span> <span class='ocrx_word' id='word_1_38' title='bbox 759 1364 889 1427; x_wconf 91' lang='lat' dir='ltr'><strong>capreae</strong></span> <span class='ocrx_word' id='word_1_39' title='bbox 912 1346 1001 1426; x_wconf 89' lang='lat' dir='ltr'><strong>lupis,</strong></span> 
     </span>
    </p>
   </div>
   <div class='ocr_carea' id='block_1_5' title="bbox 481 1486 1145 1813">
    <p class='ocr_par' dir='ltr' id='par_1_9' title="bbox 482 1486 1114 1568">
     <span class='ocr_line' id='line_1_11' title="bbox 482 1486 1114 1568; baseline 0.002 -22"><span class='ocrx_word' id='word_1_40' title='bbox 482 1506 572 1565; x_wconf 87' lang='lat' dir='ltr'><strong>qnam</strong></span> <span class='ocrx_word' id='word_1_41' title='bbox 595 1486 677 1567; x_wconf 86' lang='lat' dir='ltr'><strong>turpi</strong></span> <span class='ocrx_word' id='word_1_42' title='bbox 699 1487 815 1548; x_wconf 81' lang='lat' dir='ltr'><strong>Pholoe&#39;</strong></span> <span class='ocrx_word' id='word_1_43' title='bbox 836 1490 944 1568; x_wconf 90' lang='lat' dir='ltr'><strong>peccet</strong></span> <span class='ocrx_word' id='word_1_44' title='bbox 966 1487 1114 1548; x_wconf 86' lang='lat' dir='ltr'><strong>adultero.</strong></span> 
     </span>
    </p>

    <p class='ocr_par' dir='ltr' id='par_1_10' title="bbox 483 1574 1135 1656">
     <span class='ocr_line' id='line_1_12' title="bbox 483 1574 1135 1656; baseline 0.002 -23"><span class='ocrx_word' id='word_1_45' title='bbox 483 1575 527 1635; x_wconf 92' lang='lat' dir='ltr'><strong>sie</strong></span> <span class='ocrx_word' id='word_1_46' title='bbox 550 1574 648 1635; x_wconf 87' lang='lat' dir='ltr'><strong>visum</strong></span> <span class='ocrx_word' id='word_1_47' title='bbox 673 1575 797 1651; x_wconf 88' lang='lat' dir='ltr'><strong>Veneri,</strong></span> <span class='ocrx_word' id='word_1_48' title='bbox 821 1577 868 1636; x_wconf 86' lang='lat' dir='ltr'><strong>oni</strong></span> <span class='ocrx_word' id='word_1_49' title='bbox 892 1576 994 1655; x_wconf 86' lang='lat' dir='ltr'><strong>placet</strong></span> <span class='ocrx_word' id='word_1_50' title='bbox 1017 1575 1135 1656; x_wconf 71' lang='lat' dir='ltr'><strong>inparis</strong></span> 
     </span>
    </p>

    <p class='ocr_par' dir='ltr' id='par_1_11' title="bbox 481 1663 1145 1813">
     <span class='ocr_line' id='line_1_13' title="bbox 481 1663 1145 1743; baseline 0.002 -21"><span class='ocrx_word' id='word_1_51' title='bbox 481 1664 595 1723; x_wconf 80' lang='lat' dir='ltr'><strong>formas</strong></span> <span class='ocrx_word' id='word_1_52' title='bbox 618 1669 710 1742; x_wconf 91' lang='lat' dir='ltr'><strong>atque</strong></span> <span class='ocrx_word' id='word_1_53' title='bbox 733 1664 849 1724; x_wconf 89' lang='lat' dir='ltr'><strong>animes</strong></span> <span class='ocrx_word' id='word_1_54' title='bbox 873 1665 928 1723; x_wconf 92' lang='lat' dir='ltr'><strong>snb</strong></span> <span class='ocrx_word' id='word_1_55' title='bbox 953 1663 1024 1743; x_wconf 81' lang='lat' dir='ltr'><strong>iuga</strong></span> <span class='ocrx_word' id='word_1_56' title='bbox 1047 1667 1145 1724; x_wconf 81' lang='lat' dir='ltr'><strong>a&#39;e‘nea</strong></span> 
     </span>
     <span class='ocr_line' id='line_1_14' title="bbox 570 1751 995 1813; baseline 0.002 -3"><span class='ocrx_word' id='word_1_57' title='bbox 570 1770 663 1811; x_wconf 85' lang='lat' dir='ltr'><strong>saevo</strong></span> <span class='ocrx_word' id='word_1_58' title='bbox 685 1752 808 1812; x_wconf 87' lang='lat' dir='ltr'><strong>mittere</strong></span> <span class='ocrx_word' id='word_1_59' title='bbox 831 1770 898 1812; x_wconf 90' lang='lat' dir='ltr'><strong>cnm</strong></span> <span class='ocrx_word' id='word_1_60' title='bbox 921 1751 995 1813; x_wconf 91' lang='lat' dir='ltr'><strong>ioco.</strong></span> 
     </span>
    </p>
   </div>
   <div class='ocr_carea' id='block_1_6' title="bbox 482 1891 1159 2218">
    <p class='ocr_par' dir='ltr' id='par_1_12' title="bbox 482 1891 1159 1972">
     <span class='ocr_line' id='line_1_15' title="bbox 482 1891 1159 1972; baseline 0.001 -21"><span class='ocrx_word' id='word_1_61' title='bbox 482 1892 581 1972; x_wconf 88' lang='lat' dir='ltr'><strong>ipsum</strong></span> <span class='ocrx_word' id='word_1_62' title='bbox 603 1910 652 1952; x_wconf 90' lang='lat' dir='ltr'><strong>me</strong></span> <span class='ocrx_word' id='word_1_63' title='bbox 675 1891 782 1952; x_wconf 90' lang='lat' dir='ltr'><strong>melior</strong></span> <span class='ocrx_word' id='word_1_64' title='bbox 805 1910 874 1952; x_wconf 89' lang='lat' dir='ltr'><strong>cum</strong></span> <span class='ocrx_word' id='word_1_65' title='bbox 897 1895 1018 1972; x_wconf 90' lang='lat' dir='ltr'><strong>peteret</strong></span> <span class='ocrx_word' id='word_1_66' title='bbox 1040 1891 1159 1968; x_wconf 82' lang='lat' dir='ltr'><strong>Venus,</strong></span> 
     </span>
    </p>

    <p class='ocr_par' dir='ltr' id='par_1_13' title="bbox 482 1980 1045 2060">
     <span class='ocr_line' id='line_1_16' title="bbox 482 1980 1045 2060; baseline 0.004 -21"><span class='ocrx_word' id='word_1_67' title='bbox 482 1988 572 2060; x_wconf 84' lang='lat' dir='ltr'><strong>grata</strong></span> <span class='ocrx_word' id='word_1_68' title='bbox 595 1981 725 2040; x_wconf 87' lang='lat' dir='ltr'><strong>detinuit</strong></span> <span class='ocrx_word' id='word_1_69' title='bbox 747 1981 884 2060; x_wconf 81' lang='lat' dir='ltr'><strong>conpede</strong></span> <span class='ocrx_word' id='word_1_70' title='bbox 908 1980 1045 2059; x_wconf 86' lang='lat' dir='ltr'><strong>Myrtale</strong></span> 
     </span>
    </p>

    <p class='ocr_par' dir='ltr' id='par_1_14' title="bbox 482 2067 1021 2218">
     <span class='ocr_line' id='line_1_17' title="bbox 482 2067 1021 2144; baseline 0 -16"><span class='ocrx_word' id='word_1_71' title='bbox 482 2068 632 2144; x_wconf 89' lang='lat' dir='ltr'><strong>libertina,</strong></span> <span class='ocrx_word' id='word_1_72' title='bbox 655 2067 741 2128; x_wconf 81' lang='lat' dir='ltr'><strong>fretis</strong></span> <span class='ocrx_word' id='word_1_73' title='bbox 764 2068 863 2129; x_wconf 87' lang='lat' dir='ltr'><strong>aerior</strong></span> <span class='ocrx_word' id='word_1_74' title='bbox 886 2067 1021 2129; x_wconf 87' lang='lat' dir='ltr'><strong>Hadriae</strong></span> 
     </span>
     <span class='ocr_line' id='line_1_18' title="bbox 571 2154 1014 2218; baseline -0.005 0"><span class='ocrx_word' id='word_1_75' title='bbox 571 2156 727 2218; x_wconf 84' lang='lat' dir='ltr'><strong>curvantis</strong></span> <span class='ocrx_word' id='word_1_76' title='bbox 750 2154 897 2218; x_wconf 81' lang='lat' dir='ltr'><strong>Calabros</strong></span> <span class='ocrx_word' id='word_1_77' title='bbox 921 2156 1014 2216; x_wconf 90' lang='lat' dir='ltr'><strong>sinus.</strong></span> 
     </span>
    </p>
   </div>
   <div class='ocr_carea' id='block_1_7' title="bbox 743 2635 906 2707">
    <p class='ocr_par' dir='ltr' id='par_1_15' title="bbox 743 2635 906 2707">
     <span class='ocr_line' id='line_1_19' title="bbox 743 2635 906 2707; baseline 0.006 -1"><span class='ocrx_word' id='word_1_78' title='bbox 743 2635 906 2707; x_wconf 88' lang='lat' dir='ltr'>XXXIV.</span> 
     </span>
    </p>
   </div>
   <div class='ocr_carea' id='block_1_8' title="bbox 510 2824 1167 3169">
    <p class='ocr_par' dir='ltr' id='par_1_16' title="bbox 510 2824 1167 3169">
     <span class='ocr_line' id='line_1_20' title="bbox 510 2824 1167 2905; baseline 0.002 -21"><span class='ocrx_word' id='word_1_79' title='bbox 510 2824 626 2887; x_wconf 88' lang='lat' dir='ltr'><strong>Parcus</strong></span> <span class='ocrx_word' id='word_1_80' title='bbox 650 2826 776 2886; x_wconf 89' lang='lat' dir='ltr'><strong>deorum</strong></span> <span class='ocrx_word' id='word_1_81' title='bbox 798 2827 897 2887; x_wconf 86' lang='lat' dir='ltr'><strong>cultor</strong></span> <span class='ocrx_word' id='word_1_82' title='bbox 919 2829 951 2886; x_wconf 88' lang='lat' dir='ltr'><strong>et</strong></span> <span class='ocrx_word' id='word_1_83' title='bbox 972 2824 1167 2905; x_wconf 79' lang='lat' dir='ltr'><strong>infrequens,</strong></span> 
     </span>
     <span class='ocr_line' id='line_1_21' title="bbox 511 2913 980 2995; baseline 0.002 -23"><span class='ocrx_word' id='word_1_84' title='bbox 511 2913 692 2975; x_wconf 87' lang='lat' dir='ltr'><strong>insanientis</strong></span> <span class='ocrx_word' id='word_1_85' title='bbox 717 2914 789 2974; x_wconf 93' lang='lat' dir='ltr'><strong>dum</strong></span> <span class='ocrx_word' id='word_1_86' title='bbox 812 2914 980 2995; x_wconf 89' lang='lat' dir='ltr'><strong>sapientiae</strong></span> 
     </span>
     <span class='ocr_line' id='line_1_22' title="bbox 548 3002 1109 3076; baseline -0.002 -14"><span class='ocrx_word' id='word_1_87' title='bbox 548 3002 712 3063; x_wconf 48' lang='lat' dir='ltr'><strong>¹consultus</strong></span> <span class='ocrx_word' id='word_1_88' title='bbox 735 3022 813 3076; x_wconf 92' lang='lat' dir='ltr'><strong>erro,</strong></span> <span class='ocrx_word' id='word_1_89' title='bbox 837 3021 917 3061; x_wconf 89' lang='lat' dir='ltr'><strong>nunc</strong></span> <span class='ocrx_word' id='word_1_90' title='bbox 940 3006 1109 3062; x_wconf 86' lang='lat' dir='ltr'><strong>retrorsum</strong></span> 
     </span>
     <span class='ocr_line' id='line_1_23' title="bbox 598 3090 1150 3169; baseline 0.002 -21"><span class='ocrx_word' id='word_1_91' title='bbox 598 3090 668 3151; x_wconf 85' lang='lat' dir='ltr'><strong>vela</strong></span> <span class='ocrx_word' id='word_1_92' title='bbox 691 3090 765 3150; x_wconf 90' lang='lat' dir='ltr'><strong>dare</strong></span> <span class='ocrx_word' id='word_1_93' title='bbox 789 3098 881 3169; x_wconf 90' lang='lat' dir='ltr'><strong>atque</strong></span> <span class='ocrx_word' id='word_1_94' title='bbox 904 3090 1017 3150; x_wconf 90' lang='lat' dir='ltr'><strong>iterare</strong></span> <span class='ocrx_word' id='word_1_95' title='bbox 1041 3109 1150 3151; x_wconf 84' lang='lat' dir='ltr'><strong>cursus</strong></span> 
     </span>
    </p>
   </div>
   <div class='ocr_carea' id='block_1_9' title="bbox 511 3231 1179 3575">
    <p class='ocr_par' dir='ltr' id='par_1_17' title="bbox 511 3231 1179 3575">
     <span class='ocr_line' id='line_1_24' title="bbox 512 3231 1098 3311; baseline 0.002 -21"><span class='ocrx_word' id='word_1_96' title='bbox 512 3250 604 3309; x_wconf 80' lang='lat' dir='ltr'><strong>cogor</strong></span> <span class='ocrx_word' id='word_1_97' title='bbox 627 3231 757 3292; x_wconf 84' lang='lat' dir='ltr'><strong>relictos.</strong></span> <span class='ocrx_word' id='word_1_98' title='bbox 781 3250 911 3310; x_wconf 90' lang='lat' dir='ltr'><strong>namque</strong></span> <span class='ocrx_word' id='word_1_99' title='bbox 935 3231 1098 3311; x_wconf 86' lang='lat' dir='ltr'><strong>Diespiter,</strong></span> 
     </span>
     <span class='ocr_line' id='line_1_25' title="bbox 511 3318 1015 3398; baseline 0 -20"><span class='ocrx_word' id='word_1_100' title='bbox 511 3318 575 3398; x_wconf 85' lang='lat' dir='ltr'><strong>igni</strong></span> <span class='ocrx_word' id='word_1_101' title='bbox 599 3338 724 3380; x_wconf 88' lang='lat' dir='ltr'><strong>corusco</strong></span> <span class='ocrx_word' id='word_1_102' title='bbox 747 3320 852 3380; x_wconf 90' lang='lat' dir='ltr'><strong>nubila</strong></span> <span class='ocrx_word' id='word_1_103' title='bbox 874 3319 1015 3379; x_wconf 86' lang='lat' dir='ltr'><strong>dividens</strong></span> 
     </span>
     <span class='ocr_line' id='line_1_26' title="bbox 555 3408 1115 3489; baseline -0.002 -22"><span class='ocrx_word' id='word_1_104' title='bbox 555 3408 745 3488; x_wconf 88' lang='lat' dir='ltr'><strong>plerumque,</strong></span> <span class='ocrx_word' id='word_1_105' title='bbox 769 3428 824 3489; x_wconf 91' lang='lat' dir='ltr'><strong>per</strong></span> <span class='ocrx_word' id='word_1_106' title='bbox 847 3427 956 3489; x_wconf 90' lang='lat' dir='ltr'><strong>purum</strong></span> <span class='ocrx_word' id='word_1_107' title='bbox 980 3412 1115 3468; x_wconf 77' lang='lat' dir='ltr'><strong>tonantis</strong></span> 
     </span>
     <span class='ocr_line' id='line_1_27' title="bbox 600 3496 1179 3575; baseline 0 -20"><span class='ocrx_word' id='word_1_108' title='bbox 600 3496 665 3575; x_wconf 84' lang='lat' dir='ltr'><strong>egit</strong></span> <span class='ocrx_word' id='word_1_109' title='bbox 686 3515 782 3575; x_wconf 91' lang='lat' dir='ltr'><strong>equos</strong></span> <span class='ocrx_word' id='word_1_110' title='bbox 804 3497 1022 3575; x_wconf 84' lang='lat' dir='ltr'><strong>volucremque</strong></span> <span class='ocrx_word' id='word_1_111' title='bbox 1044 3515 1179 3570; x_wconf 89' lang='lat' dir='ltr'><strong>currum,</strong></span> 
     </span>
    </p>
   </div>
   <div class='ocr_carea' id='block_1_10' title="bbox 512 3637 1234 3987">
    <p class='ocr_par' dir='ltr' id='par_1_18' title="bbox 512 3637 1234 3987">
     <span class='ocr_line' id='line_1_28' title="bbox 512 3637 1113 3717; baseline 0 -19"><span class='ocrx_word' id='word_1_112' title='bbox 512 3657 572 3717; x_wconf 91' lang='lat' dir='ltr'><strong>quo</strong></span> <span class='ocrx_word' id='word_1_113' title='bbox 595 3639 686 3698; x_wconf 92' lang='lat' dir='ltr'><strong>bruta</strong></span> <span class='ocrx_word' id='word_1_114' title='bbox 707 3639 801 3699; x_wconf 91' lang='lat' dir='ltr'><strong>tellus</strong></span> <span class='ocrx_word' id='word_1_115' title='bbox 824 3644 857 3699; x_wconf 89' lang='lat' dir='ltr'><strong>et</strong></span> <span class='ocrx_word' id='word_1_116' title='bbox 879 3657 959 3717; x_wconf 80' lang='lat' dir='ltr'><strong>vaga</strong></span> <span class='ocrx_word' id='word_1_117' title='bbox 979 3637 1113 3711; x_wconf 88' lang='lat' dir='ltr'><strong>flumina,</strong></span> 
     </span>
     <span class='ocr_line' id='line_1_29' title="bbox 513 3724 1148 3806; baseline -0.002 -20"><span class='ocrx_word' id='word_1_118' title='bbox 513 3745 572 3806; x_wconf 91' lang='lat' dir='ltr'><strong>quo</strong></span> <span class='ocrx_word' id='word_1_119' title='bbox 597 3724 678 3806; x_wconf 84' lang='lat' dir='ltr'><strong>Styx</strong></span> <span class='ocrx_word' id='word_1_120' title='bbox 701 3735 734 3787; x_wconf 92' lang='lat' dir='ltr'><strong>et</strong></span> <span class='ocrx_word' id='word_1_121' title='bbox 756 3727 846 3786; x_wconf 88' lang='lat' dir='ltr'><strong>invisi</strong></span> <span class='ocrx_word' id='word_1_122' title='bbox 870 3726 994 3787; x_wconf 92' lang='lat' dir='ltr'><strong>horrida</strong></span> <span class='ocrx_word' id='word_1_123' title='bbox 1017 3725 1148 3787; x_wconf 80' lang='lat' dir='ltr'><strong>Taenari</strong></span> 
     </span>
     <span class='ocr_line' id='line_1_30' title="bbox 557 3814 989 3894; baseline 0 -20"><span class='ocrx_word' id='word_1_124' title='bbox 557 3815 649 3875; x_wconf 90' lang='lat' dir='ltr'><strong>sedes</strong></span> <span class='ocrx_word' id='word_1_125' title='bbox 672 3815 897 3894; x_wconf 84' lang='lat' dir='ltr'><strong>Atlanteusque</strong></span> <span class='ocrx_word' id='word_1_126' title='bbox 919 3814 989 3875; x_wconf 84' lang='lat' dir='ltr'><strong>linis</strong></span> 
     </span>
     <span class='ocr_line' id='line_1_31' title="bbox 602 3902 1234 3987; baseline 0 -25"><span class='ocrx_word' id='word_1_127' title='bbox 602 3902 782 3964; x_wconf 90' lang='lat' dir='ltr'><strong>concutitur.</strong></span> <span class='ocrx_word' id='word_1_128' title='bbox 806 3904 891 3965; x_wconf 77' lang='lat' dir='ltr'><strong>ualet</strong></span> <span class='ocrx_word' id='word_1_129' title='bbox 912 3903 973 3964; x_wconf 89' lang='lat' dir='ltr'><strong>ima</strong></span> <span class='ocrx_word' id='word_1_130' title='bbox 996 3903 1121 3963; x_wconf 90' lang='lat' dir='ltr'><strong>summis</strong></span> <span class='ocrx_word' id='word_1_131' title='bbox 1232 3982 1234 3987; x_wconf 23' lang='grc' dir='ltr'>Ι</span> 
     </span>
    </p>
   </div>
   <div class='ocr_carea' id='block_1_11' title="bbox 512 4043 1179 4389">
    <p class='ocr_par' dir='ltr' id='par_1_19' title="bbox 512 4043 1179 4389">
     <span class='ocr_line' id='line_1_32' title="bbox 512 4043 1104 4124; baseline -0.002 -20"><span class='ocrx_word' id='word_1_132' title='bbox 512 4047 633 4104; x_wconf 88' lang='lat' dir='ltr'><strong>mutare</strong></span> <span class='ocrx_word' id='word_1_133' title='bbox 656 4047 688 4103; x_wconf 90' lang='lat' dir='ltr'><strong>et</strong></span> <span class='ocrx_word' id='word_1_134' title='bbox 710 4043 831 4124; x_wconf 87' lang='lat' dir='ltr'><strong>insigne</strong></span> <span class='ocrx_word' id='word_1_135' title='bbox 854 4048 994 4105; x_wconf 84' lang='lat' dir='ltr'><strong>attenuat</strong></span> <span class='ocrx_word' id='word_1_136' title='bbox 1016 4044 1104 4118; x_wconf 92' lang='lat' dir='ltr'><strong>deus,</strong></span> 
     </span>
     <span class='ocr_line' id='line_1_33' title="bbox 514 4132 1179 4212; baseline 0.006 -21"><span class='ocrx_word' id='word_1_137' title='bbox 514 4133 644 4192; x_wconf 89' lang='lat' dir='ltr'><strong>obseura</strong></span> <span class='ocrx_word' id='word_1_138' title='bbox 666 4151 823 4212; x_wconf 90' lang='lat' dir='ltr'><strong>promens:</strong></span> <span class='ocrx_word' id='word_1_139' title='bbox 848 4132 918 4192; x_wconf 90' lang='lat' dir='ltr'><strong>hinc</strong></span> <span class='ocrx_word' id='word_1_140' title='bbox 941 4133 1058 4212; x_wconf 88' lang='lat' dir='ltr'><strong>apicem</strong></span> <span class='ocrx_word' id='word_1_141' title='bbox 1081 4151 1179 4212; x_wconf 87' lang='lat' dir='ltr'><strong>rapax</strong></span> 
     </span>
     <span class='ocr_line' id='line_1_34' title="bbox 559 4219 1054 4282; baseline 0 -2"><span class='ocrx_word' id='word_1_142' title='bbox 559 4219 696 4282; x_wconf 82' lang='lat' dir='ltr'><strong>Fortuna</strong></span> <span class='ocrx_word' id='word_1_143' title='bbox 718 4240 786 4282; x_wconf 89' lang='lat' dir='ltr'><strong>cum</strong></span> <span class='ocrx_word' id='word_1_144' title='bbox 810 4221 942 4281; x_wconf 91' lang='lat' dir='ltr'><strong>stridore</strong></span> <span class='ocrx_word' id='word_1_145' title='bbox 966 4229 1054 4282; x_wconf 87' lang='lat' dir='ltr'><strong>acuto</strong></span> 
     </span>
     <span class='ocr_line' id='line_1_35' title="bbox 602 4309 1114 4389; baseline 0.002 -21"><span class='ocrx_word' id='word_1_146' title='bbox 602 4310 733 4384; x_wconf 90' lang='lat' dir='ltr'><strong>sustulit,</strong></span> <span class='ocrx_word' id='word_1_147' title='bbox 757 4310 806 4369; x_wconf 90' lang='lat' dir='ltr'><strong>hic</strong></span> <span class='ocrx_word' id='word_1_148' title='bbox 828 4309 967 4389; x_wconf 89' lang='lat' dir='ltr'><strong>posuisse</strong></span> <span class='ocrx_word' id='word_1_149' title='bbox 990 4309 1114 4388; x_wconf 79' lang='lat' dir='ltr'><strong>gaudet.</strong></span> 
     </span>
    </p>
   </div>
   <div class='ocr_carea' id='block_1_12' title="bbox 0 0 1546 4850">
    <p class='ocr_par' dir='ltr' id='par_1_20' title="bbox 0 0 1546 4850">
     <span class='ocr_line' id='line_1_36' title="bbox 0 0 1546 4850; baseline 0 0"><span class='ocrx_word' id='word_1_150' title='bbox 0 0 1546 4850; x_wconf 95' lang='lat' dir='ltr'><strong> </strong></span> 
     </span>
    </p>
   </div>
  </div>
 </body>
</html>
