3059 4850
665 278 785 322 nonar}
799 278 971 322 chramnum

425 426 473 488 hic
497 426 609 486 bellum
633 426 834 500 lacrimosum,
858 426 906 486 hic
930 426 1070 488 miseram
1094 428 1205 488 famem

424 519 602 595 pestemque
625 533 643 575 a
665 514 776 595 populo
800 523 832 574 et
854 514 990 594 principe
1014 514 1146 577 Caesare
1170 515 1202 575 in

476 602 587 663 Persas
610 610 703 681 atque
728 601 890 663 Britannos

530 695 635 752 vestra
656 694 757 751 motus
780 695 852 769 aget
874 709 973 771 prece.

758 888 870 959 XXII.

502 1024 631 1105 Integer
653 1026 736 1085 vitae
759 1025 947 1104 scelerisque
969 1044 1065 1105 purus

502 1133 561 1174 nou
585 1121 658 1192 eget
679 1113 796 1174 Mauris
820 1113 926 1174 iaculis
949 1132 1049 1191 neque
1073 1131 1147 1173 arcu

502 1221 559 1262 neo
583 1202 742 1262 venenatis
765 1200 896 1279 grauida
919 1201 1048 1280 sagittis,

591 1288 700 1361 Fusae,
723 1290 878 1370 pharetra,

503 1432 569 1491 sive
592 1449 648 1510 per
671 1428 776 1511 Syrtis
799 1428 858 1489 iter
881 1434 1039 1490 aestuosas

503 1521 568 1579 sive
593 1519 730 1579 tacturus
753 1537 808 1598 per
832 1517 1045 1598 inhospitalem

503 1605 672 1669 Caucasum
696 1606 747 1666 vel
770 1625 849 1685 quae
874 1606 940 1667 loca
963 1605 1119 1666 fabulosus

591 1694 697 1755 lambit
719 1694 896 1775 Hydaspes.

504 1855 633 1915 namque
657 1855 704 1895 me
728 1836 808 1895 silva
830 1836 919 1916 lupus
942 1835 972 1895 in
999 1834 1120 1908 Sabina,

504 1924 575 1985 dum
599 1943 696 1985 meam
720 1933 809 1984 canto
834 1923 969 2002 Lalagen
993 1930 1025 1983 et
1047 1922 1130 1983 ultra

504 2012 666 2073 terminum
690 2011 772 2073 curis
796 2029 892 2091 vagor
916 2011 1079 2092 expeditis,

591 2099 670 2179 sugit
693 2100 848 2172 inermem,

504 2240 594 2320 quale
617 2244 792 2321 portentum
815 2260 914 2319 neque
937 2240 1077 2300 militaris

504 2327 638 2389 Daunias
661 2327 731 2389 latis
755 2328 810 2388 ulit
833 2328 996 2389 aesculetis

502 2437 560 2478 uec
583 2416 679 2478 Iubae
703 2416 795 2477 tellus
818 2422 961 2495 generat,
981 2416 1102 2478 leonum

591 2506 677 2566 arida
698 2505 812 2565 nutrix.

503 2666 581 2728 poue
606 2666 662 2720 me,
685 2647 782 2727 pigris
806 2647 857 2707 ubi
881 2647 966 2707 nulla
988 2646 1103 2727 campis

504 2736 594 2796 arbor
616 2735 735 2796 aestiva
757 2744 914 2795 recreatur
936 2754 1019 2809 aura,

504 2824 585 2903 quod
609 2823 689 2883 latus
712 2824 817 2883 muudi
840 2824 971 2884 nebulae
996 2823 1155 2902 malusque

573 2935 575 2938 ·
592 2910 732 2991 Iuppiter
754 2917 883 2990 urguet3

415 3043 420 3054 ’
503 3070 582 3131 pone
606 3051 663 3111 sub
686 3070 777 3111 curru
800 3050 925 3111 nimium
947 3051 1107 3131 propinqui

505 3138 587 3213 solis,
610 3139 641 3199 in
666 3144 749 3200 terra
773 3139 911 3200 domibus
934 3144 1060 3219 negata:

505 3227 594 3287 dulce
618 3227 770 3289 ridentem
794 3227 929 3307 Lalagen
952 3228 1067 3302 amabo,

593 3316 682 3376 dulce
705 3317 886 3395 loquentem.

755 3532 886 3603 XXlll.

505 3667 593 3728 Vitas
616 3668 761 3729 hinnuleo
784 3689 833 3729 me
857 3668 973 3743 similis,
996 3666 1100 3744 Chloe,

505 3757 662 3835 quaerenti
685 3758 829 3838 pavidam
853 3757 1004 3818 montibus
1028 3758 1106 3817 aviis

549 3852 677 3905 matrem
701 3863 760 3906 non
784 3847 850 3905 sine
874 3864 951 3906 vano

592 3952 734 3994 aurarum
758 3939 790 3993 et
812 3935 909 3994 siluae
933 3938 1024 3995 metu.

505 4091 574 4133 nam
598 4093 653 4134 seu
675 4074 836 4135 mobilibus
859 4074 941 4135 veris
966 4074 1117 4156 inhorruit

506 4162 657 4222 adventus
680 4162 759 4223 soliis
783 4182 838 4222 seu
861 4163 975 4223 virides
998 4164 1108 4224 rubum

550 4250 707 4310 dimovere
729 4252 872 4325 lacertae,

594 4341 626 4397 et
649 4340 740 4400 corde
763 4349 795 4399 et
818 4339 948 4419 genibus
972 4339 1081 4400 tremit
