3059 4850
1313 283 1432 326 LIB.
1465 283 1547 328 IV.
1578 286 1799 321 vlt—lx.

870 431 984 490 sed
1029 449 1150 490 non
1196 430 1347 490 haec
1393 428 1540 489 mihi
1586 429 1698 502 vis,
1743 447 1863 488 non
1911 427 2021 488 tibi
2068 430 2280 486 talium

873 537 974 578 res
1019 523 1117 578 est
1161 525 1268 578 aut
1313 518 1547 578 animus
1596 516 1950 577 deliciarum
2000 537 2208 596 egens.

870 607 1109 685 gaudes
1157 605 1551 666 carminibus:
1600 605 1867 666 carmina
1913 624 2232 686 possumne

873 695 1101 754 donare
1150 703 1214 754 et
1259 694 1522 774 pretium
1572 693 1775 753 dicere
1821 693 2104 754 muneris.

873 802 992 842 non
1038 782 1230 843 incisa
1274 783 1434 843 notis
1481 800 1782 842 marmora
1828 781 2104 861 publicis,

873 890 986 951 per
1031 889 1190 950 quae
1237 871 1486 951 spiritus
1532 877 1597 930 et
1643 869 1773 929 vita
1818 864 1977 930 redit
2025 871 2196 930 bouis.

875 965 1014 1039 post
1057 964 1310 1019 mortem
1358 959 1633 1032 ducibus,
1680 977 1800 1018 non
1848 958 2080 1018 celeres
2132 962 2312 1034 fugae

876 1048 1264 1126 reiectaeque
1311 1056 1646 1107 retrorsum
1696 1045 2055 1106 Hannibalis
2104 1046 2300 1106 miune-

873 1131 1025 1215 [non
1074 1135 1357 1196 incendia
1404 1133 1795 1214 Carthaginis
1845 1131 2076 1216 inpiae]

872 1223 1025 1299 eius,
1073 1225 1173 1304 qui
1222 1223 1450 1284 domita
1496 1243 1713 1284 nomen
1761 1224 1836 1283 ab
1884 1222 2092 1282 Africa

874 1312 1148 1373 lucratus
1193 1311 1394 1386 rediit,
1442 1311 1668 1372 clarius
1714 1311 1987 1370 indicant

877 1401 1112 1475 laudes,
1158 1420 1338 1480 quam
1385 1397 1683 1462 Calabrae
1729 1399 2033 1474 Pierides3
2084 1418 2296 1478 Πι-ημιρ..

873 1490 929 1548 si
975 1489 1224 1550 chartae
1273 1488 1510 1564 sileant,
1560 1489 1722 1567 quod
1769 1490 1926 1548 bene
1973 1488 2208 1558 fecer-ia,

874 1578 1223 1638 mercedem
1272 1577 1500 1636 tuleris.
1552 1577 1699 1656 quid
1746 1576 1905 1636 foret
1949 1575 2100 1636 Iliae

879 1664 1295 1744 Mavortisque
1342 1685 1514 1746 puer,
1565 1665 1614 1724 si
1662 1664 2049 1724 taciturnitas

874 1755 1152 1813 obstaret
1194 1754 1425 1813 meritis
1471 1753 1682 1813 invida
1727 1752 2009 1814 Romuli?

876 1849 1157 1922 ereptum
1204 1841 1440 1921 Stygiis
1487 1841 1774 1901 fluctibus
1823 1842 2092 1900 Aeacum

877 1930 1076 1989 virtus
1124 1936 1186 1989 et
1231 1929 1404 1990 favor
1450 1937 1515 1989 et
1558 1930 1767 2008 lingua
1813 1929 2144 2009 potentium

879 2023 1086 2078 vatum
1138 2017 1429 2078 divitibus
1477 2022 1796 2078 consecrat
1840 2017 2072 2077 insulis.

878 2106 1134 2185 dignum
1180 2106 1361 2166 laude
1409 2106 1605 2165 virum
1656 2105 1836 2166 Musa
1880 2108 2055 2166 vetat
2100 2106 2272 2174 inuri-..3

877 2195 1047 2255 caelo
1094 2194 1277 2255 Musa
1321 2196 1481 2254 beat.
1530 2193 1618 2254 sic
1663 2193 1832 2254 Iovis
1879 2194 2132 2255 interest

877 2283 1106 2362 optatis
1154 2282 1349 2363 epulis
1397 2283 1639 2363 inpiger
1685 2281 2006 2356 Hercules,

882 2371 1111 2432 clarum
1160 2371 1552 2453 Tyndaridae
1598 2371 1767 2431 sidus
1816 2371 1890 2431 ab
1937 2368 2152 2431 infimis

879 2479 1140 2541 quassas
1188 2461 1455 2541 eripiunt
1499 2460 1865 2540 aequoribus
1911 2466 2092 2535 rates,

886 2544 1166 2627 [ornatus
1213 2548 1392 2609 viridi
1443 2558 1715 2628 tempora
1759 2544 2072 2629 pampino]

879 2635 1066 2698 Liber
1112 2640 1256 2697 vota
1302 2639 1491 2697 bonos
1540 2636 1710 2697 ducit
1753 2637 1831 2696 ad
1878 2636 2100 2696 exitus,

1498 3096 1619 3166 IX.

969 3268 1067 3329 Ne
1114 3268 1269 3329 forte
1318 3268 1539 3328 credas
1586 3268 1928 3340 interitura,
1974 3286 2132 3346 quae

972 3356 1154 3436 longe
1202 3361 1518 3417 sonantem
1566 3363 1745 3415 natus
1794 3356 1871 3415 ad
1919 3353 2204 3415 Aufidum

1059 3464 1181 3505 non
1228 3449 1370 3505 ante
1417 3445 1700 3523 volgatas
1747 3462 1859 3523 per
1904 3451 2055 3504 artis

1149 3534 1340 3594 verba
1386 3532 1600 3611 loquor
1647 3533 1933 3593 socianda
1980 3532 2240 3592 chordis.

970 3693 1108 3750 non,
1157 3674 1208 3734 si
1254 3672 1490 3754 priores
1537 3672 1855 3733 Maeonius
1902 3676 2072 3732 tenet

973 3764 1156 3823 sedes
1202 3762 1526 3834 Homerus,
1574 3760 1935 3821 Pindaricae
1982 3760 2140 3819 laten
2155 3775 2176 3815 ι-

1063 3848 1345 3930 Ceaeque
1394 3855 1458 3909 et
1504 3849 1718 3909 Alcaei
1765 3848 2031 3908 minaces

1152 3937 1606 4017 Stesichorique
1652 3956 1879 4017 graves
1925 3934 2240 4007 Camenae,

974 4099 1105 4155 nec,
1153 4080 1204 4139 si
1251 4080 1395 4159 quid
1444 4079 1585 4138 olim
1633 4078 1786 4138 lusit
1829 4078 2168 4143 Anacreon*

974 4168 1210 4230 delevit
1255 4171 1458 4243 aetas3
1509 4167 1705 4246 spirat
1750 4167 1948 4227 adbuc
1996 4184 2160 4227 amor

1064 4256 1398 4334 vivuntque
1445 4254 1732 4314 conmissi
1779 4253 2015 4315 calores

1153 4343 1404 4404 Aeoliae
1449 4342 1673 4403 fidibus
1717 4343 1975 4423 puellae.

2677 1054 2737 1102 1ss
