3059 4850
1215 258 1335 301 Lm.
1364 259 1425 303 11.
1463 263 1685 298 v—vm.

762 411 963 466 tecum
1012 404 1322 488 Philippos
1369 413 1432 467 et
1477 408 1742 468 celerem
1786 401 2018 487 fugam'

761 493 927 554 sensi
971 494 1186 554 relicta
1230 515 1348 556 non
1397 496 1554 555 bene
1599 496 1891 576 parmula,

848 600 982 642 cum
1028 582 1220 643 fracta
1265 584 1480 657 virtus,
1527 589 1592 645 et
1635 585 1900 645 minaces

937 680 1116 750 turpe
1163 671 1357 731 solum
1403 671 1669 750 tetigere
1715 676 1934 733 mento.

761 811 874 871 sed
920 831 1017 872 me
1062 831 1175 892 per
1219 813 1414 873 hostis
1461 812 1806 873 Mercurius
1852 814 2019 875 celer

761 899 950 959 denso
996 913 1318 980 paventem
1368 900 1621 961 sustulit
1666 901 1826 976 aero,

847 992 911 1048 te
956 1007 1172 1048 rursus
1219 990 1279 1048 in
1328 989 1557 1049 bellum
1604 991 1926 1050 resorbens

934 1076 1099 1137 unda
1147 1077 1319 1137 fretis
1365 1078 1510 1138 t'ulit
1554 1078 1875 1139 aestuosis,

761 1235 910 1296 ergo
957 1217 1286 1296 obligatam
1333 1219 1526 1279 redde
1574 1218 1709 1279 Iovi
1758 1219 1994 1300 dapem,

757 1305 1062 1384 longaque
1107 1307 1336 1366 fessum
1384 1307 1596 1368 militia
1640 1307 1803 1368 latus

849 1393 1085 1473 depone
1130 1395 1243 1455 sub
1290 1395 1463 1455 lauru
1514 1414 1652 1456 mea
1695 1415 1811 1456 nec

934 1500 1118 1563 parce
1165 1484 1333 1544 cadis
1381 1483 1491 1544 tibi
1540 1483 1891 1545 destinatis!

759 1623 1049 1684 oblivioso
1097 1622 1259 1684 levia
1304 1623 1570 1684 Massico

760 1711 986 1773 ciboria
1029 1713 1231 1792 exple,
1279 1712 1466 1772 funde
1512 1713 1839 1793 capacibus

847 1809 1163 1879 unguenta
1210 1800 1288 1861 de
1337 1801 1607 1861 conchis!
1656 1801 1792 1880 quis
1838 1801 1957 1862 udo

888 1911 893 1915 ·
935 1888 1344 1969 deproperare
1391 1890 1527 1971 apio
1574 1908 1828 1950 coronas

758 2033 1014 2089 curatve
1060 2028 1307 2110 myrto?
1355 2049 1535 2110 quem
1587 2027 1793 2090 Venus
1840 2031 2135 2091 arbitrum

761 2116 924 2176 dicet
966 2114 1261 2177 bibendi?
1307 2137 1425 2178 non
1473 2138 1590 2197 ego
1638 2118 1843 2178 sanius

845 2205 1188 2266 bacchabor
1231 2205 1490 2267 Edonis:
1540 2212 1788 2288 recepto

935 2293 1113 2354 dulce
1161 2294 1307 2354 mihi
1351 2295 1560 2354 furere
1605 2307 1699 2355 est
1746 2295 1969 2356 amico!

1337 2667 1531 2738 VIII.

760 2838 902 2902 Ulla
947 2839 999 2898 si
1043 2839 1196 2899 iuris
1244 2838 1351 2898 tibi
1398 2840 1654 2919 peierati

758 2946 972 3008 poena,
1018 2926 1262 3003 Barine‚
1308 2929 1620 2990 nocuisset
1664 2947 1967 3009 umquam,

761 3016 946 3076 dente
993 3016 1044 3075 si
1091 3018 1267 3095 nigro
1315 3016 1496 3076 fieres
1546 3017 1643 3077 vel
1690 3036 1810 3078 uno

931 3104 1164 3184 turpior
1208 3104 1420 3183 ungui,

756 3244 1101 3318 crederem3
1151 3246 1261 3305 sed
1309 3250 1373 3305 tu
1421 3245 1599 3305 simul
1647 3245 1936 3327 obligasti

758 3332 1057 3414 perfidum
1105 3334 1264 3392 votis
1312 3340 1510 3414 caput,
1561 3334 1847 3395 enitescis

758 3421 1068 3502 pulchrior
1112 3421 1300 3481 multo
1345 3423 1757 3501 iuvenumque
1802 3424 2009 3503 prodis

933 3508 1178 3590 publica
1223 3528 1386 3571 cura.

760 3650 1017 3730 expedit
1062 3650 1273 3711 matris
1320 3651 1557 3712 cineres
1603 3657 1847 3733 opertos

761 3737 978 3799 fallere
1024 3741 1089 3798 et
1134 3743 1260 3798 toto
1306 3740 1609 3800 taciturna
1654 3740 1849 3802 noctis

760 3826 940 3905 signa
985 3845 1120 3886 cum
1169 3827 1335 3888 caelo
1382 3827 1712 3907 gelidaque
1761 3829 1933 3889 divos

936 3924 1129 3975 morte
1175 3919 1460 3976 carentis.

755 4054 919 4115 ridet
963 4056 1097 4130 hoc,
1142 4056 1412 4136 inquam,
1458 4053 1675 4118 Venus
1722 4059 1871 4139 ipsa,
1919 4058 2121 4120 rident

759 4144 1068 4225 simplices
1115 4144 1462 4226 Nymphae,
1506 4147 1675 4207 ferus
1720 4155 1785 4207 et
1828 4145 2062 4229 Cupido

758 4251 1002 4313 semper
1047 4235 1320 4294 ardentis
1368 4254 1595 4295 acuens
1642 4236 1902 4315 sagittas

933 4326 1069 4383 cote
1115 4326 1388 4384 cruenta.

2468 233 2547 295 31

2560 4335 2616 4379 lt?
