3059 4850
1171 257 1288 300 LIB.
1323 257 1382 302 11.
1423 261 1665 295 xi—-xm,

1304 425 1497 495 XIII.

675 561 790 621 Ille
837 565 900 621 et
944 562 1182 623 nefasto
1231 567 1292 620 te
1337 561 1542 641 posuit
1589 561 1704 634 die,

671 649 1038 729 quicumque
1083 650 1362 730 primum,
1409 654 1471 709 et
1516 650 1819 729 sacrilega
1866 669 2046 711 manu

758 738 1072 818 produxit,
1119 739 1315 808 arboS,
1362 738 1422 797 in
1471 743 1758 818 nepotum

849 826 1178 907 perniciem
1227 826 1735 906 obprobriumque
1782 827 1942 906 pagi,

672 949 839 1009 illum
887 953 951 1008 et
995 949 1266 1029 parentis
1314 948 1679 1010 crediderim
1728 949 1821 1009 sui

672 1037 932 1116 fregisse
981 1037 1286 1097 cervicem
1333 1042 1396 1096 et
1442 1037 1783 1116 penetralia

760 1125 1058 1205 sparsisse
1106 1133 1400 1185 nocturno
1449 1143 1665 1187 cruore

848 1214 1132 1294 hospitis;
1178 1213 1281 1273 ille
1329 1232 1568 1273 venena
1615 1212 1842 1275 Colcha

669 1347 732 1396 et
778 1337 1073 1417 quidquid
1121 1356 1378 1416 usquam
1428 1335 1769 1417 concipitur
1815 1338 1987 1398 nefas

674 1426 976 1498 tractavit,
1024 1444 1171 1504 agro
1219 1425 1321 1504 qui
1368 1425 1585 1485 statuit
1630 1444 1762 1485 meo

761 1520 822 1574 te
870 1513 1043 1574 triste
1093 1513 1342 1591 lignum,
1389 1521 1448 1573 te
1496 1513 1794 1573 caducum

848 1602 904 1661 in
956 1602 1179 1661 domini
1229 1610 1413 1681 caput
1458 1600 1828 1662 inmerentis.

669 1726 815 1806 quid
864 1726 1120 1805 quisque
1171 1725 1342 1800 vitet,
1388 1744 1717 1805 numquam
1766 1725 1988 1786 homini
2035 1727 2185 1787 satis

671 1820 916 1875 cautum
965 1821 1062 1874 est
1107 1813 1168 1873 in
1221 1814 1432 1874 horas:
1481 1812 1687 1873 navita
1736 1813 2071 1893 Bosporum

759 1901 1000 1963 Poenus
1047 1901 1456 1982 perhorrescit
1500 1921 1701 1981 neque
1747 1903 1908 1962 ult-ra

847 2009 1031 2051 caeca
1078 1991 1253 2050 timet
1301 1990 1548 2050 aliunde
1595 1990 1746 2061 fata;

671 2114 844 2174 miles
891 2114 1149 2192 sagittas
1198 2119 1261 2173 et
1307 2113 1572 2172 celerem
1619 2113 1825 2191 fugam

671 2199 898 2275 Parthi,
945 2208 1194 2261 catenas
1242 2200 1506 2261 Parthus
1555 2211 1617 2260 et
1661 2199 1887 2261 Italum

759 2292 960 2364 robur,
1011 2289 1120 2349 sed
1168 2289 1477 2369 inprovisa
1523 2289 1628 2348 leti

850 2378 940 2439 vis
989 2377 1189 2459 rapuit
1236 2376 1557 2459 rapietque
1602 2381 1826 2457 gentis.

669 2521 850 2581 quam
898 2519 1091 2581 paene
1138 2501 1352 2560 furvae
1399 2519 1590 2579 regna
1636 2498 2037 2580 Proserpinae

672 2596 737 2650 et
781 2590 1150 2649 iudicantem
1199 2588 1462 2647 vidimus
1511 2588 1784 2648 Aeacum

761 2678 1062 2756 sedesque
1111 2677 1409 2736 discretas
1453 2676 1690 2757 piorum
1738 2685 1800 2737 et

849 2764 1081 2825 Aeoliis
1126 2764 1349 2824 fidibus
1396 2772 1756 2844 querentem

674 2887 917 2969 Sappho
963 2887 1183 2968 puellis
1232 2889 1308 2947 de
1355 2888 1767 2968 popularibuS,

669 2984 734 3037 et
780 2982 838 3036 te
889 2981 1206 3036 sonantem
1252 2976 1491 3055 plenius
1539 2994 1742 3049 auree,

760 3065 1007 3139 Alcaee,
1055 3064 1284 3144 plectro
1333 3066 1486 3124 dura
1535 3065 1727 3138 navi8‚

848 3154 1002 3213 dura
1045 3154 1227 3230 fugae
1276 3153 1451 3227 mala,
1500 3154 1656 3213 dura
1700 3153 1861 3213 belli.

674 3269 996 3356 utrumque
1043 3293 1215 3336 sacro
1264 3276 1452 3354 digna
1500 3276 1741 3338 silentio

673 3365 968 3425 mirantur
1013 3365 1263 3423 umbrae
1313 3364 1537 3437 dicere,
1584 3365 1694 3426 sed
1742 3366 1935 3445 magis

760 3472 1002 3534 pugnas
1049 3456 1112 3513 et
1157 3457 1409 3513 exactos
1459 3461 1754 3532 tyrannos

848 3541 1107 3600 densum
1153 3540 1378 3600 umeris
1426 3541 1578 3601 bibit
1624 3560 1770 3601 aure
1817 3542 2053 3621 volgus.

671 3664 816 3743 quid
862 3663 1098 3737 mirum,
1147 3663 1248 3722 ubi
1294 3663 1414 3722 illis
1462 3664 1829 3725 carminibus
1878 3673 2131 3746 stupens

672 3751 938 3812 demittit
984 3748 1148 3810 atras
1195 3751 1378 3811 belua
1424 3752 1734 3834 centiceps

759 3850 927 3901 auris
975 3845 1036 3899 et
1084 3840 1288 3900 intorti
1337 3839 1572 3919 capillis

846 3927 1250 3988 Eumenidum
1299 3940 1655 3988 recreantur
1701 3937 1982 4008 angues?

669 4050 816 4130 quin
863 4059 928 4112 et
975 4050 1376 4112 Prometheus
1423 4058 1485 4111 et
1531 4051 1774 4132 Pelopis
1820 4072 2043 4133 parens

671 4139 834 4199 dulci
883 4140 1156 4199 laborum
1205 4139 1509 4220 decipitur
1556 4159 1723 4213 son0,

759 4246 870 4288 nec
918 4229 1093 4288 curat
1139 4225 1325 4288 Orion
1370 4228 1580 4287 leones

847 4321 952 4376 aut
999 4315 1238 4376 timidos
1285 4316 1517 4395 agitare
1565 4317 1807 4397 lyncas.-

2520 2390 2584 2439 ’.ΞΗ

2520 4331 2582 4375 41]
