3059 4850
1096 287 1215 331 LIB.
1246 286 1331 331 111,
1361 291 1688 326 xxm-zum.

820 453 938 495 non
987 439 1081 495 est
1125 454 1343 510 meum,
1393 435 1442 494 si
1489 435 1727 513 mugiat
1772 434 1999 497 Africis

819 523 1015 583 malus
1063 523 1362 603 procelliS,
1412 524 1489 583 ad
1538 523 1794 583 miseras
1839 543 2055 604 preces

905 612 1233 673 decurrere
1279 617 1342 672 et
1387 611 1548 671 votis
1595 611 1841 691 pacisci,

991 719 1070 760 ne
1119 697 1382 781 Cypriae
1430 699 1781 780 Tyriaeque
1829 719 2063 760 merces

819 841 1052 901 addant
1096 859 1280 901 avaro
1328 840 1575 901 divitias
1622 841 1801 916 mari3

815 934 960 990 tunc
1009 948 1104 988 me
1153 929 1396 989 biremis
1445 929 1748 1009 praesidio
1798 929 2058 1008 scaphae

906 1021 1101 1077 tutum
1147 1036 1259 1099 per
1307 1017 1590 1095 Aegaeos
1637 1017 1936 1078 tumultus

990 1124 1139 1165 aura
1184 1106 1344 1166 feret
1387 1106 1790 1185 geminusque
1838 1105 2077 1166 Pollux.

1281 1409 1503 1480 XXX.

604 1580 812 1660 Exegi
859 1585 1310 1641 monumentum
1358 1601 1502 1643 aere
1551 1580 1879 1663 perennius

605 1669 922 1748 regalique
971 1670 1094 1730 situ
1139 1670 1526 1751 pyramidum
1576 1669 1778 1742 altius,
2149 1719 2157 1726 .

602 1758 765 1836 quod
810 1776 929 1818 non
973 1757 1168 1817 imber
1215 1758 1394 1833 edax,
1444 1778 1564 1818 non
1610 1758 1835 1838 Aquilo
1882 1757 2163 1838 inpotens

604 1846 796 1926 possit
842 1843 1086 1906 diruere
1135 1852 1242 1907 aut
1286 1847 1744 1907 innumerabilis

607 2006 899 2048 annorum
947 1987 1139 2047 series
1188 1992 1252 2048 et
1298 1987 1443 2067 fuga
1490 1993 1827 2068 temporum
1844 1989 1869 2048 1·

603 2095 720 2135 non
766 2075 958 2136 omnis
1007 2076 1243 2149 moriar,
1291 2077 1605 2156 multaque
1651 2095 1794 2157 pars
1844 2076 1959 2136 mei

604 2163 821 2224 vitabit
866 2163 1217 2224 Libitinam:
1267 2184 1463 2244 usque
1510 2184 1627 2244 ego
1674 2172 1921 2245 postera

603 2271 875 2312 crescam
922 2253 1101 2312 laude
1147 2271 1384 2326 recem,
1431 2253 1575 2312 dum
1626 2251 1989 2333 Capitolium

601 2394 859 2455 scandet
905 2412 1044 2454 cum
1091 2394 1274 2456 tacita
1319 2394 1561 2473 virgine
1607 2394 1912 2476 pontifex!

607 2483 789 2557 dicar,
838 2502 959 2563 qua
1003 2483 1239 2544 violens
1286 2484 1590 2563 obstrepit
1636 2483 1896 2544 Aufidus

600 2574 669 2630 et
713 2589 832 2649 qua
876 2590 1110 2652 pauper
1157 2590 1352 2652 aquae
1401 2572 1652 2632 Daunus
1700 2572 2035 2651 agrestium

605 2659 886 2737 regnavit
930 2660 1306 2740 populorum,
1355 2680 1436 2720 ex
1482 2661 1695 2720 humili
1742 2664 1959 2741 potens

602 2802 884 2881 princeps
931 2801 1213 2862 Aeolium
1259 2821 1503 2863 carmen
1550 2802 1630 2864 ad
1677 2802 1869 2863 Italos

604 2889 935 2950 deduxisse
983 2891 1219 2951 modos:
1269 2910 1437 2951 sume
1486 2890 1832 2974 superbiam

603 2977 938 3056 quaesitam
987 2979 1217 3038 meritis
1266 2988 1328 3039 et
1375 2979 1518 3039 mihi
1566 2979 1862 3059 Delphica

601 3066 770 3125 lauro
819 3066 994 3146 cinge
1043 3067 1272 3141 volens,
1321 3066 1724 3147 Melpomene,
1771 3070 2030 3128 comam!

2424 262 2504 318 *ik*

2528 718 2572 754 ’,ιῚ

2520 3079 2580 3123 1⁴}
