3059 4850
582 242 662 306 10

477 694 541 742 :lii

477 1510 537 1550 44

477 3127 545 3171 ῌμ

1387 272 1626 317 HORATI
1653 271 1993 317 (mammon

1003 420 1324 480 Romulum
1374 427 1508 501 post
1556 421 1665 479 hos
1712 421 1881 501 prius
1928 439 2005 480 an
2055 421 2324 499 quietum

1003 508 1259 589 Pompili
1307 528 1566 587 regnum
1612 528 1937 568 memorem
1987 526 2062 568 an
2111 510 2408 588 superbos

1004 596 1293 676 Tarquini
1342 598 1549 671 fascia,
1600 598 1830 671 dubito,
1881 616 1955 656 an
2007 632 2082 640 --
2136 594 2390 658 Catonis

1213 686 1412 746 nobile
1462 685 1667 744 letum.

1003 826 1309 906 Regulum
1356 832 1420 886 et
1468 825 1729 886 Scauros
1777 826 2131 905 animaeque
2180 845 2437 906 magnae

1002 914 1325 995 prodigum
1374 914 1631 974 Paulum
1680 923 2009 993 superante
2057 914 2259 974 Poeno

1001 1010 1217 1082 gratus
1264 1002 1489 1081 insigni
1540 1003 1800 1062 referam
1849 1000 2116 1063 Camena

1214 1090 1704 1169 Fabriciumque.

1003 1232 1163 1292 hunc
1210 1241 1274 1291 et
1313 1231 1634 1311 incomptis
1685 1230 1933 1292 Curium
1981 1233 2217 1313 capillis

1002 1320 1213 1380 utilem
1261 1319 1421 1380 bello
1470 1320 1616 1380 tulit
1661 1327 1726 1380 et
1773 1317 2093 1381 Camillum

1005 1427 1194 1468 saeva
1240 1412 1572 1488 paupertas
1618 1414 1681 1467 et
1726 1409 1928 1468 avitus
1977 1417 2116 1489 apto

1216 1514 1350 1555 cum
1400 1496 1525 1555 lare
1574 1497 1816 1555 fundus.

1003 1636 1227 1698 crescit
1272 1635 1507 1696 occulto
1556 1635 1725 1696 velut
1774 1639 1953 1697 arbor
1998 1655 2150 1696 aevo

1005 1727 1164 1786 fama
1210 1723 1516 1799 Marcelli3
1566 1727 1748 1784 micat
1793 1724 1953 1783 inter
2000 1735 2197 1784 omnis

1004 1812 1224 1873 Iulium
1274 1813 1463 1884 sidua,
1510 1812 1685 1872 velut
1732 1812 1889 1872 inter
1936 1813 2100 1891 ignis

1214 1901 1358 1961 luna
1405 1901 1685 1959 minores.

1003 2042 1208 2121 gentis
1256 2043 1554 2101 humanae
1603 2048 1777 2122 pater
1825 2047 2009 2121 atque
2059 2051 2282 2113 custos,

1003 2138 1132 2190 orte
1179 2128 1458 2203 Saturno,
1508 2131 1614 2190 tibi
1664 2149 1813 2190 cura
1861 2130 2065 2209 magni

1004 2215 1284 2279 Caesaris
1331 2218 1473 2278 fatis
1522 2219 1683 2292 data,
1736 2227 1799 2277 tu
1848 2220 2114 2279 secundo

1215 2304 1478 2366 Caesare
1529 2326 1777 2385 regnes:

1002 2448 1104 2507 ille
1152 2467 1262 2507 seu
1308 2447 1569 2508 Parthos
1618 2447 1789 2507 Latio
1836 2448 2189 2508 inminentis

1004 2537 1202 2615 egerit
1247 2536 1408 2595 iusto
1458 2536 1716 2596 domitos
1765 2538 2068 2616 triumpho

1004 2624 1136 2683 sive
1183 2624 1486 2684 subiectos
1535 2622 1805 2684 Orientis
1854 2643 1995 2684 orae

1217 2711 1399 2773 Seras
1447 2716 1508 2771 et
1554 2711 1761 2785 IndoS,

1005 2863 1065 2913 te
1111 2854 1306 2913 minor
1349 2853 1578 2912 laetum
1627 2859 1806 2931 reget
1852 2872 2081 2931 aequus
2130 2854 2356 2927 orbem,

1006 2943 1075 3000 tu
1121 2942 1298 3020 gravi
1344 2960 1526 3001 curru
1577 2940 1814 3018 quaties
1864 2940 2212 3021 Olympum,

1006 3038 1073 3089 tu
1122 3048 1335 3109 parum
1383 3030 1569 3088 castis
1616 3028 1859 3089 inimica
1905 3030 2107 3089 mittes

1218 3117 1469 3176 fulmina
1517 3114 1693 3176 lucis!

1588 3490 1780 3559 XIII.

937 3657 1085 3723 Cum
1136 3665 1219 3731 tu,
1269 3660 1489 3740 Lydia,
1541 3661 1797 3741 Telephi

1148 3749 1448 3809 cervicem
1500 3769 1754 3824 roseam,
1805 3749 2002 3809 lactea
2051 3748 2302 3829 Telephi

935 3838 1152 3899 laudas
1201 3838 1502 3911 bracchia,
1556 3857 1666 3897 vae
1716 3857 1915 3897 meum

1149 3926 1395 3985 fervens
1444 3926 1675 3986 difficili
1724 3926 1845 3986 bile
1895 3932 2090 3986 tumet
2138 3926 2321 3988 iecur.

937 4072 1080 4128 tunc
1128 4086 1240 4127 nec
1288 4086 1460 4127 mens
1508 4067 1650 4126 mihi
1702 4086 1814 4127 nec
1861 4067 2027 4128 color

1146 4160 1315 4215 certa
1360 4157 1509 4215 sede
1556 4162 1779 4230 manet,
1828 4175 2001 4216 umor
2047 4162 2110 4215 et
2155 4156 2215 4214 in
2263 4172 2455 4234 genas

935 4243 1143 4304 furtim
1191 4243 1415 4303 labitur
1463 4263 1749 4322 argnem,

1147 4351 1326 4411 quam
1377 4332 1556 4392 lentis
1604 4334 1845 4413 penitus
1892 4351 2167 4393 macerer
2213 4332 2477 4411 ignibuS.
