3059 4850
352 1066 396 1110 :131
408 1066 416 1110 ἱ

1252 239 1493 283 HORA'I'I
1525 238 1870 284 CARMINUM

883 405 1126 467 semper
1169 391 1241 447 ut
1287 389 1348 446 te
1395 386 1583 466 digna
1626 405 1888 467 sequare
1936 391 2016 461 et,
2061 386 2223 446 ultra

881 494 1061 555 quam
1107 474 1253 535 licet
1296 493 1549 555 sperare
1594 474 1767 536 nefas
1813 475 2100 556 putando,

883 562 1188 644 disparem
1235 563 1415 624 vites,
1464 582 1581 643 age
1628 563 1766 638 iam,
1810 582 2081 624 meorum

1055 649 1193 711 finis
1241 670 1510 712 amorum

880 791 1028 869 (non
1072 791 1234 852 enim
1280 791 1538 872 posthac
1584 791 1705 852 alia
1749 792 1959 853 calebo

879 875 1151 960 femina),
1197 880 1479 940 condisce
1526 881 1759 953 modoS‚
1804 880 2063 942 amanda

880 987 1032 1029 voce
1079 987 1232 1048 quos
1278 968 1532 1028 reddas:
1583 968 1934 1029 minuentur
1978 973 2149 1029 atrae

1057 1056 1323 1116 carmine
1370 1054 1581 1117 curae!

1482 1429 1642 1500 XII.

878 1600 1013 1661 Iam
1057 1600 1223 1661 veris
1270 1600 1542 1673 comiteS,
1588 1618 1750 1681 quae
1797 1620 1966 1662 mare
2014 1605 2377 1681 temperant,

879 1688 1179 1769 inpellunt
1222 1689 1461 1749 animae
1511 1688 1703 1749 lintea
1748 1689 2075 1764 Thraciam

877 1777 998 1837 iam
1043 1796 1156 1838 nec
1202 1783 1380 1856 prata
1421 1777 1647 1856 rigent,
1696 1796 1810 1839 nec
1856 1777 2029 1838 fluvii
2076 1781 2361 1859 strepunt

1057 1865 1310 1925 hiberna
1355 1865 1498 1925 nive
1544 1865 1800 1944 turgidi.

879 2007 1086 2066 nidum
1132 2005 1321 2086 ponit,
1368 2004 1515 2086 Ityn
1564 2005 1852 2066 flebiliter
1897 2025 2171 2085 gemens,

878 2094 1095 2154 infelix
1140 2093 1275 2154 avis
1323 2100 1385 2152 et
1431 2091 1766 2174 Cecropiae
1814 2093 2029 2154 domus

879 2192 1195 2244 aeternum
1243 2181 1650 2261 obprobrium,
1698 2183 1858 2261 quod
1904 2182 2064 2242 male
2112 2182 2402 2242 barbaras

1054 2289 1271 2349 regum
1319 2274 1416 2330 est
1459 2268 1593 2330 ulta
1635 2269 1937 2330 libidines

879 2411 1088 2474 dicunt
1131 2411 1191 2472 in
1238 2414 1447 2472 tenero
1493 2410 1773 2491 gramine
1820 2411 2137 2493 pinguium

879 2501 1166 2561 custodes
1213 2500 1416 2560 ovium
1465 2499 1735 2561 carmina
1776 2499 1984 2560 fistula

880 2589 1310 2668 delectantque
1359 2588 1559 2662 deum,
1605 2588 1702 2648 cui
1749 2608 1937 2668 pecus
1985 2593 2047 2649 et
2092 2588 2254 2668 nigri

1056 2678 1244 2738 colles
1293 2676 1600 2737 Arcadiae
1645 2676 1904 2757 placent.

879 2820 1202 2880 adduxere
1248 2817 1411 2877 sitim
1459 2824 1753 2897 tempora,
1801 2816 2065 2896 Vergili3

881 2908 991 2968 sed
1038 2925 1320 2987 pressum
1365 2902 1613 2966 Calibus
1662 2905 1886 2966 ducere
1932 2904 2220 2966 Liberum

879 2997 928 3055 si
977 2995 1192 3075 gestis,
1240 2994 1531 3053 iuvenum
1577 2992 1867 3053 nobilium
1913 2993 2122 3070 cliens,

1054 3083 1244 3142 nardo
1289 3081 1435 3141 vina
1480 3082 1815 3144 merebere.

879 3222 1056 3284 nardi
1105 3240 1335 3303 parvus
1382 3239 1554 3301 onyx
1599 3219 1804 3281 eliciet
1848 3221 2085 3297 cadum,

877 3312 981 3392 qui
1027 3329 1188 3370 nunc
1237 3307 1522 3389 Sulpiciis
1570 3310 1829 3369 accubat
1876 3309 2126 3385 horreiS,

878 3419 1019 3481 spes
1069 3399 1295 3459 donare
1339 3415 1532 3457 novas
1578 3397 1790 3476 largus
1838 3416 2167 3478 amaraque

1055 3504 1342 3548 curarum
1388 3484 1600 3545 eluere
1648 3484 1887 3546 efficax.

876 3628 955 3688 ad
1001 3646 1159 3707 quae
1206 3626 1259 3685 si
1305 3643 1599 3705 properas
1647 3626 1896 3704 gaudia,
1945 3645 2081 3686 cum
2129 3631 2239 3687 tua

877 3715 1064 3776 velox
1111 3733 1314 3774 merce
1360 3713 1532 3773 veni:
1582 3732 1703 3773 non
1748 3732 1863 3791 ego
1910 3719 1971 3774 te
2016 3715 2170 3776 meis

878 3805 1187 3864 inmunem
1233 3800 1495 3861 meditor
1542 3800 1829 3879 tinguere
1873 3802 2123 3882 poculis,
2216 3800 2221 3806 ’

1054 3891 1238 3972 plena
1284 3889 1458 3948 dives
1507 3894 1576 3948 ut
1620 3888 1683 3948 in
1731 3890 1924 3950 domo.

875 4036 1091 4091 verum
1139 4048 1298 4110 pone
1344 4045 1545 4090 moras
1592 4036 1657 4091 et
1701 4030 1972 4091 studium
2019 4032 2192 4107 lucri,

878 4121 1315 4198 nigrorumque
1360 4137 1614 4193 memor,
1666 4118 1808 4178 dum
1856 4119 2019 4195 licet,
2068 4121 2301 4201 ignium

878 4209 1066 4268 misce
1112 4206 1443 4267 stultitiam
1490 4206 1758 4266 consiliis
1806 4209 2084 4269 brevem:

1058 4296 1237 4356 dulce
1287 4299 1385 4354 est
1432 4294 1715 4375 desipere
1762 4294 1825 4354 in
1871 4296 2033 4356 loco!
