3059 4850
669 276 729 320 ms.
744 276 763 321 1,
777 280 881 315 m—vr.

273 444 354 485 nune
378 424 467 484 deeet
490 428 543 483 ent
567 423 656 484 viridi
679 424 808 484 nitidum
832 428 924 503 eaput
947 422 1085 503 inpedire
1109 428 1209 502 myrto

379 519 433 572 aut
454 511 538 587 flore,
563 516 662 572 terrae
687 531 778 591 quem
803 512 905 572 lerunt
928 511 1061 581 selutae;

272 619 353 660 nune
375 606 408 661 et
430 600 460 659 in
484 600 634 661 umbrosis
657 599 762 660 Fauno
787 601 877 661 deeet
900 599 1046 660 inmolare
1069 599 1155 674 lueis,

378 707 433 748 seu
456 693 564 768 poseat
586 707 668 768 agna
690 688 756 748 sive
780 689 867 750 malit
890 687 998 749 beede.

273 828 388 909 pallida
410 828 494 888 Mors
519 847 615 908 aequo
639 828 742 909 pulsat
764 830 843 910 pede
867 847 1034 909 pauperum
1058 830 1200 889 tabernas

380 935 549 996 regumque
573 924 676 977 turris·
701 936 718 977 ο
741 918 831 978 beate
854 915 944 993 Sesti,

272 1006 356 1065 vitae
380 1023 497 1065 summa
525 1006 628 1065 brevis
656 1025 742 1086 spem
771 1025 825 1065 nos
848 1010 936 1066 vetat
963 1005 1106 1065 incohare
1135 1006 1272 1085 longam:

381 1094 440 1152 iam
465 1102 495 1153 te
519 1099 637 1174 premet
660 1113 722 1154 nex
746 1094 929 1173 fabulaeque
953 1092 1061 1153 Manes
1331 1101 1363 1152 16

269 1242 305 1295 et
329 1236 434 1296 domus
458 1234 550 1295 exilis
573 1233 729 1310 Plutonie;
754 1254 814 1314 qno
838 1235 927 1296 simul
950 1235 1072 1310 meanis,

378 1342 435 1382 nee
458 1342 556 1402 regne
579 1324 642 1383 vini
666 1324 794 1384 sortiere
819 1323 900 1397 talis,

271 1430 330 1472 nee
353 1415 492 1472 tenerum
518 1411 656 1490 Lyeidan
680 1412 841 1484 mirabere,
864 1430 924 1490 qno
947 1413 1028 1471 calet
1050 1412 1194 1473 iuventus

380 1519 461 1560 nune
485 1500 581 1560 omnis
605 1507 637 1559 et
659 1519 731 1560 mox
755 1500 893 1578 virgines
917 1501 1071 1581 tepebunt.

752 1696 796 1765 V.

430 1833 507 1903 Quis
531 1834 629 1893 multe
651 1832 775 1911 gracilis
799 1839 831 1893 te
855 1852 932 1912 puer
955 1835 985 1894 in
1009 1854 1080 1894 rosa

430 1922 574 2003 perfusus
600 1920 724 2000 liquidis
748 1931 862 2000 urguet
885 1921 1028 1983 odoribus

482 2016 581 2089 grato,
604 2009 733 2090 Pyrrhe,
758 2010 815 2069 sub
839 2011 950 2070 antro?

536 2098 584 2159 eui
607 2097 718 2158 flavam
741 2098 856 2177 religas
880 2116 1004 2173 comam,

429 2238 560 2319 simplex
585 2238 764 2298 munditiis?
790 2239 849 2299 heu
872 2239 1013 2318 quotiens
1036 2238 1127 2300 fidem

429 2331 623 2406 mutatosque
648 2327 722 2387 deos
745 2326 830 2387 flebit
852 2338 883 2387 et
907 2346 1017 2408 aspera

484 2415 582 2495 nigris
605 2435 738 2495 aequora
762 2415 860 2477 ventis

535 2505 712 2565 emirabitur
735 2504 879 2579 insolens,

429 2645 481 2725 qui
505 2664 584 2705 nune
609 2655 638 2706 te
662 2644 774 2706 fruitur
797 2646 941 2706 credulus
965 2664 1067 2720 aurea,

429 2735 479 2813 qui
504 2753 625 2814 semper
648 2752 785 2809 vacuam,
809 2753 930 2814 semper
953 2734 1113 2796 amabilem

483 2827 596 2902 sperat,
620 2822 741 2882 nescius
765 2840 857 2883 aurae

534 2910 664 2972 fallacis!
687 2911 801 2985 miseri,
825 2910 935 2990 quibus

428 3050 611 3131 intemptata
632 3051 726 3112 nites!
750 3072 800 3112 me
824 3052 928 3112 tabula
951 3071 1039 3115 seeer

428 3139 534 3199 votiva
555 3140 657 3220 paries
681 3139 797 3201 indieat
820 3140 915 3200 uuida

485 3227 684 3308 suspendisse
709 3228 825 3308 potenti

536 3316 720 3377 vestimenta
743 3317 837 3376 maris
862 3316 927 3377 deo.

739 3530 801 3599 Vl.
831 3605 838 3612 ,

375 3662 524 3726 Scriberis
547 3665 641 3727 Vario
664 3668 751 3728 fortis
775 3670 807 3727 et
830 3666 961 3727 hostium

375 3753 473 3815 vietor
496 3753 629 3816 Maeonii
653 3756 794 3815 carminis
817 3755 900 3830 alite,

376 3861 465 3920 quem
489 3861 555 3902 rem
579 3863 709 3922 eumque
731 3845 820 3904 ferox
844 3844 973 3904 navibus
997 3849 1050 3904 ant
1072 3845 1160 3924 equis

449 3930 537 3991 miles
560 3935 590 3991 te
614 3932 691 3991 duee
714 3932 855 4011 gesserit.

374 4090 437 4146 nos,
462 4072 608 4153 Agrippa,
630 4092 730 4152 neque
756 4073 832 4133 haec
856 4074 958 4134 dicere
981 4093 1038 4135 nee
1061 4093 1190 4154 gravem

376 4158 500 4221 Pelidae
524 4162 712 4222 stomachum
736 4162 848 4222 cedere
873 4162 969 4222 nescii

374 4266 430 4309 nee
455 4268 563 4309 aursus
587 4250 717 4330 duplicis
741 4270 797 4331 per
820 4268 904 4310 mare
928 4249 1031 4313 Ulixei

449 4356 506 4397 nee
529 4356 652 4398 saevam
677 4337 800 4418 Pelopis
824 4338 945 4398 demum
