3059 4850
440 1365 509 1489 ibis
532 1423 676 1484 Liburnis
698 1424 781 1486 inter
803 1425 867 1485 alta
889 1423 1023 1498 navium,

527 1514 631 1587 amice,
655 1512 894 1594 propugnacula,

439 1606 563 1683 paratus
587 1621 675 1662 omne
698 1599 841 1663 Caesaris
864 1600 1033 1681 periculum

526 1691 639 1763 subire,
662 1689 838 1763 Maecenas,
861 1697 922 1751 tuc.

439 1780 512 1858 quid
535 1797 599 1854 nos,
622 1778 733 1858 quibus
757 1783 789 1839 te
812 1778 878 1839 vita
901 1779 941 1838 sit
965 1777 1129 1858 superstite

526 1866 668 1941 iucunda,
692 1867 718 1926 si
741 1874 857 1941 contra,
880 1865 1006 1946 gravis?

440 1964 582 2016 utrumne
604 1955 679 2015 iussi
703 1974 924 2035 persequemur
947 1954 1050 2030 otium,

527 2063 588 2104 ucu
611 2043 710 2116 dulce,
734 2043 764 2103 ni
788 2050 890 2104 tecum
914 2042 1012 2117 simul,

440 2151 478 2192 an
502 2133 581 2192 hunc
604 2132 749 2204 laborem,
773 2137 876 2193 mente
900 2132 1003 2203 laturi,
1027 2131 1117 2190 decet

527 2240 588 2300 qua
611 2220 692 2281 ferre
717 2239 777 2280 ncn
803 2219 1019 2293 mellarinus,

440 2310 573 2369 feremus
596 2318 627 2369 et
650 2314 681 2369 te
705 2309 755 2368 vel
778 2328 834 2388 per
857 2308 981 2388 Alpium
1005 2308 1078 2386 iuga

395 2400 398 2405 ’
527 2396 742 2478 inhospitalem
765 2406 797 2458 et
821 2394 1001 2470 Caucasum,

440 2486 491 2546 vel
514 2484 691 2547 Occidentis
715 2505 814 2565 usque
837 2486 877 2545 ad
899 2484 1040 2545 ultimum
1064 2484 1164 2544 sinum

527 2574 598 2634 forti
622 2594 787 2653 sequemur
809 2575 955 2654 pectere?

440 2681 540 2741 roges,
563 2670 649 2723 tuum
672 2661 776 2723 labore
800 2663 873 2742 quid
895 2661 998 2722 iuvem
1022 2680 1097 2733 mec,

528 2751 648 2811 inbellis
671 2770 707 2812 ac
730 2750 836 2811 firmus
859 2746 990 2831 parum?

440 2858 540 2900 cemes
563 2839 679 2900 minare
703 2858 770 2899 sum
794 2839 915 2899 futurus
938 2839 968 2897 in
991 2842 1084 2911 metu,

528 2929 580 3008 qui
603 2928 699 2988 maior
723 2929 861 2987 absentis
885 2927 993 2987 habet:

440 3027 473 3076 ut
496 3016 640 3078 adsidens
665 3015 851 3096 inplumibus
873 3014 966 3095 pullis
990 3013 1057 3074 avis

528 3104 716 3185 serpentium
740 3105 886 3184 adlapsus
910 3103 999 3164 timet

440 3193 537 3273 magis
561 3191 686 3266 relictis,
710 3212 778 3265 non,
801 3200 837 3252 ut
859 3192 949 3266 adsit,
973 3189 1070 3252 auxili

526 3280 629 3341 latura
652 3279 721 3361 plus
745 3281 968 3361 praesentibus.

441 3370 571 3431 libenter
594 3370 651 3430 hcc
675 3373 706 3428 et
728 3388 817 3429 omne
841 3368 1021 3427 militabitur

529 3458 642 3519 bellum
665 3457 696 3516 iu
719 3462 790 3518 tuae
814 3475 899 3537 spem
922 3455 1051 3534 gratiae,

442 3565 499 3606 non
523 3551 557 3605 ut
578 3544 716 3606 iuvencis
738 3544 867 3623 inligata
890 3543 1030 3624 pluribus

529 3641 631 3694 aratra
654 3633 791 3694 nitantur
812 3632 897 3706 meis,
943 3676 947 3680 .

441 3741 576 3801 pecusve
600 3720 737 3783 Calabris
761 3726 833 3782 ante
857 3719 942 3780 sidus
966 3719 1120 3780 fervidum

528 3808 653 3870 Lucana
675 3814 773 3870 mutet
796 3808 927 3889 pascuis,

442 3917 542 3977 neque
565 3903 598 3962 ut
620 3898 743 3979 superni
769 3897 843 3957 villa
867 3897 1002 3956 candens
1026 3895 1151 3956 Tusculi

530 3986 657 4049 Circaea
680 3990 787 4065 tangat
810 3986 936 4047 moenia.

442 4076 516 4134 satis
539 4093 692 4155 superque
716 4093 764 4133 me
789 4072 961 4152 benignitas
984 4076 1038 4132 tua

530 4162 653 4237 ditavit3
679 4163 760 4223 haud
784 4180 942 4243 paravero,

442 4251 523 4330 quod
545 4256 600 4311 aut
621 4270 733 4311 avarus
757 4257 792 4311 ut
817 4247 963 4312 Chremes
987 4254 1072 4308 terra
1094 4265 1239 4327 premam,

504 4339 506 4342 ’
530 4339 696 4400 discinctus
720 4343 773 4399 aut
795 4338 922 4418 perdam
946 4355 1049 4416 nepos.
