3059 4850
696 259 816 302 Hortari
832 259 1001 304 cauturium

508 404 596 466 dulce
620 413 651 466 et
676 407 818 466 decorum
843 412 890 467 est
913 426 968 488 pro
990 408 1089 488 patria
1112 408 1200 469 mori!

506 511 587 552 mors
611 501 642 555 et
663 494 803 573 fugacem
827 495 1023 575 persequitur
1045 496 1143 557 virum

551 601 607 641 nec
629 583 729 662 parcit
751 582 872 643 inbellis
895 582 1039 644 iuventae

593 670 757 750 poplitibus
781 671 926 732 timidove
952 677 1050 751 tergo.

506 809 605 870 virtus
628 810 771 891 repulsae
794 810 897 871 nescia
920 812 1062 873 sordidae

505 897 693 959 intaminatis
717 899 816 978 fulget
840 899 1003 960 honoribus

548 1004 606 1047 nec
628 985 722 1047 sumit
745 993 800 1047 aut
821 987 906 1067 ponit
929 998 1047 1049 securls

593 1075 717 1135 arbitrio
741 1076 895 1156 popularis
919 1095 1020 1136 aurae.

507 1216 604 1276 virtus
627 1216 791 1277 recludens
814 1218 964 1279 inmeritis
987 1218 1063 1278 mori

505 1304 621 1364 caelum
646 1311 758 1384 negata
781 1310 911 1386 temptat
932 1308 992 1366 iter
1014 1307 1064 1365 via

549 1400 715 1472 coetusque
738 1393 876 1472 volgaris
899 1401 932 1454 et
954 1396 1045 1454 udam

592 1481 708 1561 spernit
733 1482 855 1541 humum
879 1482 1015 1561 fugiente
1039 1501 1146 1563 penna.

504 1631 551 1681 est
575 1631 607 1681 et
629 1622 712 1682 fideli
736 1629 804 1682 tuta
826 1621 947 1684 silentio

503 1728 637 1783 merces3
660 1712 781 1783 vetabo,
804 1711 855 1789 qui
878 1708 999 1772 Cereris
1024 1730 1143 1773 sacrum

548 1798 679 1876 volgarit
702 1817 842 1873 arcanae,
866 1801 923 1859 sub
945 1800 1042 1860 isdem

592 1887 632 1945 sit
655 1887 791 1947 trabibus
814 1887 1016 1973 fragilemque
1039 1907 1156 1948 mecum

503 2026 603 2087 solvat
626 2027 781 2108 phaselon.
805 2047 897 2108 saepe
921 2028 1075 2110 Diespiter

502 2116 661 2193 neglectus
687 2117 801 2176 incesto
826 2118 945 2177 addidit
967 2118 1133 2196 integrum3

547 2222 614 2264 raro
638 2206 870 2264 antecedentem
894 2206 1056 2266 scelestum

592 2292 728 2351 deseruit
750 2294 830 2373 pede
853 2292 957 2353 Poena
980 2293 1097 2354 claudo.

810 2668 872 2738 lll.

501 2836 622 2897 Iustum
646 2845 676 2898 et
699 2847 839 2900 tenacem
864 2841 1008 2920 propositi
1032 2841 1132 2900 virum

501 2945 560 2986 non
584 2927 694 2987 civium
718 2929 810 2987 ardor
833 2946 929 3008 prava
951 2928 1127 3002 iubentium,

546 3033 605 3074 non
629 3015 730 3075 voltus
753 3016 896 3076 instantis
920 3018 1042 3095 tyranni

589 3113 691 3163 mente
714 3105 812 3181 quatit
835 3105 933 3165 solida
956 3124 1056 3184 neque
1079 3106 1205 3180 Auster,

500 3243 565 3302 dux
588 3243 716 3323 inquieti
740 3244 880 3303 turbidus
903 3245 1049 3320 Hadriae,

499 3350 556 3390 nec
578 3331 765 3391 fulminantis
789 3351 900 3411 magna
924 3353 1030 3394 munus
1053 3334 1151 3394 Iovis:

544 3419 569 3478 si
593 3420 707 3479 fractus
730 3420 884 3482 inlabatur
907 3423 998 3496 orbis,

587 3508 764 3587 inpavidum
789 3509 900 3569 ferient
922 3510 1041 3571 ruinae!

498 3649 556 3711 hac
580 3657 647 3711 arte
671 3650 784 3712 Pollux
808 3659 839 3713 et
863 3672 961 3732 vagus
985 3652 1136 3712 Hercules

499 3739 602 3798 enisus
626 3750 706 3800 arcis
730 3742 833 3819 attigit
854 3742 976 3819 igneas3

542 3846 617 3905 quos
641 3828 722 3887 inter
747 3830 905 3908 Augustus
928 3829 1108 3888 recumbens

587 3935 740 3996 purpureo
763 3917 840 3977 bibit
864 3936 916 3977 ore
939 3926 1057 3990 nectam

498 4054 556 4115 hac
579 4062 611 4116 te
633 4065 810 4130 merentem,
836 4057 955 4118 Bacche
976 4068 1074 4138 pater,
1097 4064 1169 4119 tuae

498 4161 614 4203 vexere
639 4144 735 4222 tigres
759 4146 881 4206 indocili
904 4147 1009 4226 iugum

542 4231 619 4292 collo
643 4233 815 4308 trahentcs3
841 4234 898 4294 hac
923 4234 1070 4304 Quirinus

585 4319 695 4379 Martis
719 4321 807 4400 equis
831 4322 1005 4382 Acheronta
1028 4323 1114 4402 fugit,
