3059 4850
1165 264 1285 309 Lm.
1318 265 1378 309 11.
1418 268 1691 304 xxv—xvx.

782 418 906 471 tum
954 410 1152 492 spissa
1197 412 1382 471 ramis
1427 412 1637 473 laurea
1684 412 1952 473 fervidos

781 499 1073 560 excludet
1117 499 1293 560 ictus.
1362 519 1477 560 non
1525 501 1611 559 ita
1661 501 1900 562 Romuli

866 586 1312 668 praescriptum
1358 594 1420 648 et
1466 587 1689 648 intonsi
1739 588 1984 650 Catonis

954 676 1241 756 auspiciis
1286 684 1686 755 veterumque
1733 696 1955 738 norma.

777 816 1054 897 privatus
1100 816 1221 877 illis
1268 836 1486 877 census
1533 824 1669 878 erat
1717 819 1940 893 brevis,

777 924 1090 965 commune
1137 923 1454 985 magnum:
1503 907 1674 967 nulla
1722 907 2108 988 decempedis

863 999 1093 1054 metata
1137 994 1396 1074 privatis
1443 1013 1692 1074 opacam

951 1082 1220 1162 porticus
1267 1082 1616 1163 excipiebat
1665 1083 1913 1156 Arcton,

776 1241 886 1282 nec
932 1223 1248 1283 fortuitum
1296 1243 1589 1303 spernere
1636 1224 1965 1304 caespitem

776 1311 948 1390 leges
996 1311 1293 1385 sinebant,
1340 1311 1563 1392 oppida
1607 1312 1847 1393 publico

863 1405 1107 1479 sumptu
1155 1400 1435 1461 iubentes
1483 1406 1545 1460 et
1593 1400 1845 1461 deorum

951 1488 1177 1567 templa
1224 1507 1380 1549 novo
1430 1489 1718 1549 decorare
1766 1509 1933 1550 saxo.

1317 1861 1507 1931 XVI.

703 2030 906 2093 Otium
958 2033 1132 2093 divos
1180 2039 1358 2112 rogat
1403 2033 1462 2092 in
1509 2034 1744 2114 patenti

700 2140 958 2200 prensus
1009 2123 1278 2200 Aegae0‚
1326 2121 1502 2181 simul
1550 2125 1685 2182 atra
1729 2123 1921 2182 nubes
1984 2174 1988 2178 .

698 2208 964 2269 condidit
1009 2209 1223 2269 lunam
1270 2229 1466 2289 neque
1513 2214 1679 2271 certa
1724 2210 1963 2290 fulgent

870 2298 1076 2359 sidera
1122 2298 1342 2371 nautis,

699 2440 883 2501 otium
932 2442 1090 2501 bello
1137 2442 1365 2501 furiosa
1413 2441 1668 2515 Thrace,

698 2527 884 2588 otium
931 2529 1098 2589 Medi
1145 2529 1434 2609 pharetra
1482 2530 1705 2602 decori,

700 2612 994 2697 Grosphe,
1043 2637 1160 2678 non
1208 2618 1464 2696 gemmis
1509 2637 1709 2697 neque
1756 2638 2025 2700 purpura
2073 2639 2175 2679 ve·

870 2706 1010 2765 nale
1056 2726 1252 2785 neque
1300 2726 1462 2766 auro,

696 2842 811 2905 non
860 2846 1019 2905 enim
1068 2864 1258 2924 gazae
1303 2866 1503 2926 neque
1552 2848 1887 2908 consularis

695 2935 1012 2994 submovet
1057 2935 1237 2994 lictor
1280 2934 1531 2995 miseros
1579 2936 1876 2996 tumultus

694 3021 914 3081 mentis
962 3028 1025 3082 et
1071 3040 1248 3082 curas
1296 3023 1583 3102 laqueata
1629 3024 1853 3086 circum

868 3114 1028 3171 tecta
1074 3111 1369 3170 volantes.

696 3250 922 3310 vivitur
966 3270 1156 3330 parvo
1205 3253 1378 3325 bene,
1427 3253 1522 3313 cui
1569 3260 1888 3333 paternum

695 3339 973 3418 splendet
1020 3339 1080 3399 in
1126 3359 1337 3400 mensa
1384 3342 1552 3401 tenui
1601 3342 1856 3402 salinum

693 3445 805 3487 nec
850 3428 1011 3488 levis
1057 3447 1297 3489 somnos
1345 3429 1522 3490 timor
1570 3434 1675 3490 aut
1719 3431 1937 3511 cupido

868 3515 1150 3576 sordidus
1199 3518 1413 3577 aufert.

693 3656 838 3734 quid
885 3658 1059 3716 brevi
1106 3657 1293 3719 sortes
1339 3659 1677 3720 iaculamur
1720 3680 1872 3722 aevo

691 3745 926 3805 multa?
976 3746 1122 3824 quid
1170 3753 1368 3807 terras
1414 3748 1530 3808 alio
1578 3749 1838 3810 calentIs

693 3832 819 3893 sole
868 3835 1217 3894 mutamus?
1265 3836 1498 3915 patriae
1548 3837 1684 3916 quis
1731 3839 1874 3897 exul

866 3941 932 3981 se
980 3942 1219 4001 quoque
1266 3921 1476 4003 fugit?

690 4062 930 4122 scandit
977 4072 1220 4123 aeratas
1268 4064 1486 4125 vitiosa
1532 4075 1711 4124 nast

689 4167 834 4209 cura
878 4169 993 4209 nec
1041 4157 1272 4212 turmas
1319 4154 1591 4231 equitum
1638 4153 1945 4232 relinquit,

688 4237 852 4298 ocior
897 4238 1096 4298 cervis
1145 4244 1206 4300 et
1253 4247 1475 4318 agente
1523 4242 1756 4302 nimbos

863 4328 1027 4387 ocior
1072 4326 1252 4389 Euro.

2532 3531 2588 3575 lli
