3059 4850
661 265 782 310 nolam
797 266 969 311 unanimum

785 417 846 487 ΙΙΙ.

474 554 613 633 Aequam
637 560 789 614 memento
811 555 905 614 rebus
928 554 958 615 in
981 555 1086 615 arduis

473 661 599 703 servare
621 650 764 716 mentem,
788 662 848 703 non
871 662 960 704 seeus
984 643 1124 703 inbonis

517 732 555 791 ab
579 730 720 791 insolenti
744 737 946 812 temperatam

560 819 685 894 laetitia,
709 819 855 879 moriture
878 818 970 893 Delli,

473 978 529 1021 seu
551 970 687 1020 maestus
711 960 790 1018 omni
816 964 951 1039 tempore
974 959 1090 1020 vixeris

473 1067 528 1108 seu
551 1061 581 1107 te
605 1047 634 1108 in
658 1055 774 1107 remoto
797 1047 937 1126 gramine
960 1068 1016 1128 per
1039 1048 1105 1117 dies

518 1135 613 1196 festos
635 1135 816 1196 reclinatum
840 1135 942 1195 bearis

561 1223 705 1284 interiore
727 1230 800 1284 nota
823 1222 955 1284 Falerni.

475 1383 532 1444 qno
555 1364 645 1445 pinus
668 1365 777 1444 ingens
801 1365 931 1444 albaque
953 1365 1084 1446 populus

473 1454 610 1516 umbram
634 1454 817 1534 hospitalem
840 1453 1014 1514 consociare
1038 1460 1140 1514 amant

518 1540 634 1601 ramis?
658 1542 731 1621 qnid
755 1542 876 1621 obliquo
901 1542 1019 1602 laborat

562 1629 687 1710 lympha
709 1630 806 1709 fugax
829 1629 985 1710 trepidare
1007 1630 1095 1691 rivo?

474 1770 533 1830 hue
556 1769 629 1830 vina
652 1775 684 1829 et
705 1776 864 1850 unguenta
888 1774 919 1830 et
942 1770 1067 1831 nimium
1091 1773 1195 1832 brevis

474 1857 565 1919 flores
589 1877 734 1919 amoenae
756 1859 838 1919 serre
861 1859 932 1920 iube
956 1878 1052 1934 rosae,

519 1948 590 2007 dnm
613 1966 663 2006 res
688 1953 719 2006 et
743 1953 829 2007 aetas
852 1956 883 2009 et
905 1967 1041 2008 sororum

561 2035 613 2095 fila
635 2035 727 2095 trinm
750 2037 910 2116 patiuntur
933 2041 1008 2096 atra

474 2177 567 2238 cedes
591 2177 737 2257 coemptis
761 2176 889 2237 saltibus
912 2182 944 2236 et
967 2177 1054 2238 domo

459 2264 616 2344 liliaque,
639 2264 739 2326 flavus
762 2284 852 2344 quam
876 2264 996 2325 Tiberis
1019 2266 1103 2340 lavit,

517 2353 610 2413 eedes
634 2361 665 2412 et
688 2353 857 2414 exstructis
880 2352 911 2412 in
935 2352 1030 2414 altum

562 2441 676 2502 divitiis
699 2443 833 2522 potietur
856 2442 955 2504 heres.

474 2583 601 2643 divesne
623 2582 723 2663 priseo
745 2589 836 2643 natus
860 2584 897 2644 ab
921 2583 1035 2644 Inacho

472 2671 517 2731 nil
540 2672 669 2731 interest
693 2690 731 2732 an
755 2691 873 2753 pauper
896 2676 928 2732 et
950 2671 1053 2733 infima

518 2760 557 2820 de
580 2767 673 2837 gente
696 2761 753 2820 snb
778 2759 848 2820 divo
873 2760 1008 2835 moreris,

561 2848 684 2909 victima
707 2848 748 2909 nil
772 2848 946 2908 miserantis
969 2847 1050 2909 Orei.

474 3009 578 3051 omnes
601 2990 709 3051 eodem
732 2989 878 3068 angimur,
902 2990 1033 3049 omnium

474 3082 618 3139 versatur
640 3097 717 3138 urna
740 3079 839 3137 serius
863 3077 947 3138 ocius

520 3185 586 3226 sors
610 3166 733 3226 exitura
756 3171 788 3225 et
811 3184 865 3225 nos
890 3166 919 3226 in
943 3170 1102 3228 aeternnm

562 3253 688 3315 exilium
711 3253 880 3334 inpositura
904 3255 1039 3316 cumbae.

786 3521 848 3592 lv.

474 3657 523 3719 Ne
547 3658 587 3719 sit
608 3659 737 3720 ancillae
761 3658 817 3720 tibi
840 3677 924 3719 amor
946 3658 1063 3739 pudori,

474 3746 613 3808 Xanthia
636 3747 773 3823 Phoeen3
797 3747 882 3828 prius
905 3746 1086 3808 insolentem

475 3855 567 3897 serva
590 3835 706 3897 Briseis
730 3835 820 3896 niveo
843 3835 943 3896 colore

564 3924 660 3984 movit
682 3923 842 4012 nehillem,

477 4064 573 4125 movit
596 4065 720 4124 Aiaeem
745 4063 911 4125 Telamone
934 4070 1039 4124 natum

475 4154 574 4213 forma
597 4152 735 4233 captivae
759 4152 912 4213 dominnm
937 4152 1127 4228 Toemessae,

476 4241 553 4302 arsit
575 4241 701 4301 Atrides
724 4240 824 4301 medio
847 4241 878 4301 in
901 4241 1055 4322 triumpho

565 4330 685 4409 virgine
708 4333 806 4410 rapta,
