3059 4850
477 210 551 262 iffi

1312 233 1559 277 HORA'H
1586 233 1845 277 EPODON

997 381 1197 462 opima
1241 378 1460 460 quodsi
1508 381 1742 461 praeda
1786 401 1975 441 curvo
2024 383 2198 443 litore

1170 479 1453 548 porrecta
1499 488 1745 549 mergos
1791 470 2042 543 iuveris,

996 557 1355 618 libidinosus
1402 558 1790 618 inmolabitur
1834 578 2019 638 caper

1171 656 1234 705 et
1279 664 1441 724 agna
1487 645 1997 726 Tempestatibus,

1519 984 1644 1053 XI.

717 1154 887 1228 Petti,
933 1153 1080 1213 nihil
1125 1175 1223 1214 me
1269 1154 1426 1214 sicut
1471 1163 1651 1215 antea
1698 1155 1872 1216 iuvat

883 1243 1151 1303 scribere
1198 1244 1536 1304 versiculos
1583 1263 1788 1304 amore
1835 1263 2195 1323 percussum
2240 1243 2436 1324 gravi,

713 1349 932 1405 amore,
980 1333 1081 1409 qui
1127 1351 1225 1391 me
1272 1343 1520 1412 praeter
1565 1343 1763 1392 omnis
1810 1332 2051 1412 expetit

884 1419 1164 1480 mollibus
1211 1419 1273 1478 iu
1320 1421 1528 1500 pueris
1575 1427 1684 1480 aut
1728 1421 1787 1479 in
1836 1420 2058 1500 puellis
2104 1440 2304 1482 urere.

713 1510 805 1566 hin
852 1508 1069 1566 tertius
1116 1508 1472 1583 December,
1518 1529 1601 1569 ex
1647 1528 1767 1588 quo
1816 1508 2028 1569 destiti
2192 1517 2202 1527 “

884 1594 1139 1656 Inachia
1181 1599 1407 1670 furere,
1452 1596 1627 1656 silvis
1675 1597 1964 1666 honorem
2013 1596 2265 1657 decutit.

713 1686 828 1746 lieu
870 1704 986 1755 me,
1032 1703 1144 1764 per
1192 1685 1404 1744 urbem
1451 1679 1620 1766 (nam
1664 1686 1855 1765 pudet
1901 1685 2056 1745 tanti
2102 1679 2272 1767 mali)

883 1770 1092 1833 fabula
1137 1777 1364 1851 quanta
1409 1772 1523 1832 fui!
1573 1772 1992 1833 conviviorum
2037 1783 2102 1832 et
2146 1771 2436 1854 paenitet,

713 1866 769 1918 in
817 1861 953 1941 quis
1000 1866 1303 1920 amantem
1350 1861 1610 1940 languor
1654 1865 1719 1921 et
1765 1859 2074 1921 silentium

884 1949 1088 2028 arguit
1132 1953 1197 2009 et
1240 1949 1432 2009 latere
1480 1950 1712 2029 petitus
1760 1949 1876 2009 imo
1924 1949 2193 2029 spiritus.

713 2044 1036 2110 „contrane
1084 2038 1320 2097 lucrum
1368 2038 1452 2098 nil
1499 2038 1710 2100 valere
1757 2038 2087 2097 candidum

883 2126 1171 2206 pauperis
1217 2125 1608 2205 ingenium?“
1659 2128 1963 2205 querebar
2008 2125 2335 2206 adplorans
2382 2124 2508 2201 tibi,

713 2213 889 2274 „simul
937 2214 1191 2273 calentis
1237 2214 1690 2274 inverecundus
1740 2215 1892 2273 deus

885 2301 1215 2362 fervidiore
1263 2321 1428 2361 mero
1476 2320 1701 2362 arcana
1746 2305 2054 2382 promorat
2100 2302 2249 2363 loco·

713 2389 964 2471 ¹„quodsi
1007 2389 1163 2450 meis
1209 2388 1514 2451 inaestuet
1560 2390 1931 2471 praecordiis

883 2477 1078 2539 libera
1123 2478 1277 2556 bilis,
1326 2487 1394 2538 ut
1439 2479 1592 2539 haec
1637 2479 1881 2558 ingrata
1925 2479 2127 2539 ventis
2175 2478 2411 2540 dividat

713 2571 989 2642 fomenta,
1036 2565 1257 2628 volnus
1301 2568 1390 2627 nil
1434 2567 1660 2628 malum
1708 2566 1995 2643 levantia,

885 2655 1126 2716 desinet
1169 2655 1484 2736 inparibus
1531 2664 1771 2717 certare
1819 2658 2134 2716 submotus
2178 2656 2432 2738 pudor.“

713 2743 813 2803 ubi
857 2743 1011 2804 haec
1057 2763 1313 2803 severus
1361 2752 1420 2804 te
1466 2746 1666 2825 palam
1714 2744 2131 2816 laudaveram,

827 2832 832 2838 ’
885 2832 1089 2892 iussus
1136 2833 1303 2893 abire
1352 2833 1595 2893 domum
1648 2833 1892 2893 ferebar
1942 2832 2173 2893 incerto
2221 2834 2379 2914 pede

713 2923 785 2979 aid
833 2940 951 2980 non
997 2921 1221 2981 amicos
1267 2920 1390 2981 heu
1435 2921 1581 2981 mihi
1627 2925 1836 3001 postes
1884 2929 1946 2980 et
1991 2921 2113 2981 heu

884 3009 1092 3069 limina
1138 3010 1308 3084 dura,
1355 3009 1577 3089 quibus
1623 3010 1862 3069 lumbos
1910 3015 1972 3070 et
2019 3009 2245 3089 infregi
2289 3008 2469 3069 latus.

713 3116 869 3158 nunc
914 3097 1235 3176 gloriantis
1283 3098 1622 3176 quamlibet
1668 3098 2086 3159 mulierculam

884 3185 1132 3245 vincere
1175 3185 1433 3246 mollitia
1477 3205 1646 3246 amor
1690 3185 1937 3266 Lycisci
1981 3206 2079 3245 me
2126 3190 2325 3261 tenet3

713 3275 872 3333 unde
917 3274 1214 3354 expedire
1260 3293 1378 3334 non
1425 3274 1755 3335 amicorum
1801 3279 2028 3354 queant

884 3361 1077 3421 libera
1122 3362 1376 3423 consilia
1419 3383 1537 3424 nec
1581 3363 1986 3424 contumeliae
2031 3380 2277 3442 graves,

713 3451 821 3511 sed.
866 3449 1022 3510 alius
1070 3452 1251 3510 ardor
1296 3456 1400 3511 aut
1443 3451 1686 3532 puellae
1733 3451 2032 3512 candidae

887 3545 994 3599 aut
1043 3537 1253 3599 teretis
1299 3540 1473 3620 pueri
1521 3540 1767 3619 longam
1813 3538 2169 3600 renodantis
2218 3557 2463 3599 comam.

1493 3844 1653 3915 XII.

717 4030 877 4099 Quid
924 4030 1035 4092 tibi
1078 4031 1192 4107 vis,
1237 4032 1457 4092 mulier
1502 4032 1696 4112 nigris
1744 4032 2105 4112 dignissima
2150 4032 2388 4092 barris?

886 4138 1141 4179 munera
1186 4138 1293 4179 cur
1337 4119 1483 4180 mihi
1530 4120 1757 4200 quidve
1804 4121 2062 4182 tabellas

717 4206 904 4267 mittis
951 4226 1062 4268 nec
1109 4208 1280 4268 firmo
1328 4209 1537 4268 iuveni
1582 4228 1782 4289 neque
1830 4209 1995 4270 naris
2042 4206 2313 4270 obesae?

888 4314 1150 4376 namque
1197 4297 1480 4376 sagacius
1525 4317 1683 4357 unus
1730 4298 1965 4373 odoror,
