3059 4850
485 1074 541 1118 lli

589 218 638 278 [ll
657 226 669 270 J

1387 248 1628 293 HORATl
1658 249 1997 293 CARMINUM

1008 396 1086 455 da
1130 395 1309 457 lunae
1357 415 1617 477 propere
1663 415 1876 472 novae,

1183 484 1263 544 da
1306 484 1501 545 noctis
1549 484 1802 559 mediae,
1852 485 1947 556 da,
1992 504 2164 564 puer,
2212 483 2466 564 auguris

1005 570 1330 633 Murenae:
1378 573 1575 635 tribus
1623 578 1728 634 aut
1775 592 1990 634 novem

1179 659 1516 723 miscentur
1561 661 1803 741 cyathis
1850 660 2068 742 pocula
2114 661 2469 748 commodis!

1004 801 1106 881 qui
1152 801 1364 863 Musas
1411 807 1573 863 amat
1618 802 1869 884 inparIs,

1177 893 1385 951 ternos
1431 894 1527 951 ter
1573 891 1829 972 cyathos
1876 890 2185 951 adtonitus
2230 895 2399 971 petet

1002 983 1202 1040 vates:
1247 984 1367 1039 trTs
1410 977 1693 1059 prohibet
1738 997 1923 1059 supra

1177 1067 1450 1128 rixarum
1497 1072 1777 1128 metuens
1825 1072 2081 1146 tangere
2130 1063 2345 1128 Gratia

1002 1208 1182 1268 nudis
1228 1208 1434 1268 iuncta
1479 1208 1806 1269 sororibus.

1176 1296 1442 1358 insanire
1488 1296 1695 1357 iuvat!
1744 1316 1853 1357 cur
1899 1295 2307 1378 Berecyntiae

1002 1390 1249 1446 cessant
1294 1385 1539 1446 flamina
1586 1385 1813 1446 tibiae?

1177 1492 1286 1534 cur
1331 1474 1562 1553 pendet
1607 1474 1795 1535 tacita
1840 1473 2048 1534 fistula
2095 1492 2231 1533 cum
2278 1471 2458 1553 lyra?

1000 1617 1310 1694 parcentIs
1357 1633 1472 1692 ego
1521 1615 1813 1675 dexteras

1178 1702 1303 1762 odi:
1354 1720 1579 1783 sparge
1626 1721 1830 1781 rosas3
1881 1701 2089 1762 audiat
2135 1701 2378 1762 invidus

1003 1791 1346 1851 dementem
1393 1790 1717 1871 strepitum
1763 1789 1971 1868 Lycus

1178 1883 1241 1938 et
1284 1877 1485 1939 vicina
1528 1876 1662 1940 seni
1711 1898 1828 1940 non
1878 1878 2093 1939 habilis
2140 1876 2333 1959 Lyco!

1001 2019 1199 2100 spissa
1244 2023 1305 2080 te
1352 2019 1607 2080 nitidum
1654 2038 1840 2094 coma,

1176 2127 1330 2188 puro
1377 2113 1437 2169 te
1485 2108 1762 2181 similem,
1811 2107 2102 2188 Telephe,
2155 2107 2427 2188 Vespero

1001 2197 1368 2277 tempestiva
1412 2196 1569 2276 petit
1616 2195 1861 2271 Rhode3

1178 2303 1272 2343 me
1318 2285 1520 2344 lentus
1571 2282 1876 2366 Glycerae
1927 2293 2116 2346 torret
2164 2303 2332 2345 amor
2381 2303 2567 2345 meae.

1603 2658 1755 2728 XX.

1000 2828 1135 2890 Non
1182 2829 1376 2904 vides,
1426 2836 1651 2909 quanto
1700 2848 1945 2891 moveas
1994 2830 2240 2911 periclo,

1001 2917 1257 2998 Pyrrhe,
1306 2915 1608 2979 Gaetulae
1655 2919 1889 2979 catulos
1935 2919 2231 2989 leaenae?

1001 3007 1157 3066 dura
1201 3011 1340 3085 post
1385 3006 1567 3086 paulo
1615 3005 1815 3085 fugies
1861 3007 2132 3068 inaudax

1177 3094 1409 3175 proelia
1453 3100 1678 3173 raptor,

997 3254 1134 3296 cum
1183 3254 1295 3315 per
1339 3235 1639 3296 obstantis
1687 3234 1977 3295 iuvenum
2024 3242 2303 3296 catervas

998 3323 1110 3384 ibit
1154 3322 1455 3402 insignem
1503 3328 1796 3403 repetens
1842 3323 2208 3399 Nearchum,

998 3412 1234 3491 grande
1283 3416 1612 3484 certamen,
1658 3411 1767 3471 tibi
1814 3413 2045 3492 praeda
2091 3413 2285 3486 cedat,

1172 3500 1363 3559 maior
1407 3518 1484 3560 an
1528 3499 1650 3561 illa.

999 3640 1256 3713 interim,
1304 3641 1446 3701 dum
1496 3645 1565 3701 tu
1615 3641 1849 3701 celeres
1897 3642 2161 3721 sagittas

999 3728 1245 3810 promis,
1292 3729 1448 3791 haec
1495 3730 1700 3789 dentis
1746 3729 1912 3789 acuit
1956 3729 2277 3804 timendos,
2352 3782 2355 3786 .

1000 3818 1229 3878 arbiter
1274 3836 1516 3896 pugnae
1562 3817 1840 3896 posuisse
1888 3818 2049 3878 nudo

1177 3906 1291 3965 sub
1335 3905 1492 3985 pede
1538 3905 1799 3985 palmam

1000 4047 1196 4107 fertur
1240 4050 1305 4106 et
1351 4044 1471 4105 leni
1518 4065 1800 4108 recreare
1848 4051 2031 4107 vento

998 4153 1277 4215 sparsum
1325 4134 1592 4195 odoratis
1638 4153 1912 4194 umerum
1960 4133 2213 4214 capillis,

998 4223 1198 4303 qualis
1245 4227 1350 4282 aut
1393 4221 1619 4283 Nireus
1668 4222 1781 4282 fuit
1827 4226 1932 4283 aut
1978 4240 2206 4302 aquosa

1171 4315 1386 4391 raptus
1432 4311 1507 4370 ab
1553 4308 1683 4370 Ida.
