3059 4850
615 247 675 293 ule.
690 249 722 295 ΙΙ.
739 253 832 291 m-V.

409 394 554 454 barbarae
576 401 735 476 postquam
760 397 900 460 cecidere
922 404 1042 461 turmae

408 480 553 544 Thessalo
576 483 693 545 victure
716 490 747 546 et
769 486 930 567 ademptus
954 487 1070 549 Hector

407 570 533 631 tradidit
555 572 646 632 fessis
670 572 787 633 leviora
810 575 875 635 tolli

491 657 646 739 Pergama
670 660 772 722 Grais.

406 799 525 860 nescies
548 819 586 860 an
610 808 641 862 te
664 821 813 881 generum
836 804 916 864 beuti

405 886 555 968 Phyllidis
578 888 676 951 flavae
699 890 846 952 decorent
867 899 1027 972 parentes:

405 977 524 1056 regium
547 986 630 1038 certe
653 998 761 1058 genus,
785 988 815 1040 et
837 987 964 1061 penates

492 1072 620 1143 maeret¹
632 1067 759 1146 iniquos.

405 1206 496 1267 erede
520 1226 579 1267 non
602 1207 686 1268 illam
710 1209 765 1269 tibi
790 1209 828 1269 de
851 1210 985 1272 scelesta

405 1294 493 1374 plebe
517 1295 658 1356 dilectam
681 1316 779 1376 neque
803 1296 847 1358 sic
870 1297 1000 1372 fidelem,

405 1382 449 1442 sic
471 1383 555 1444 lucro
578 1403 718 1445 eversam
742 1386 879 1465 potuisse
902 1389 988 1449 nasci

492 1480 588 1532 matre
611 1466 764 1554 pudende.

403 1613 546 1674 bracchia
568 1623 599 1674 et
622 1615 737 1675 voltum
761 1619 938 1697 teretesque
961 1637 1050 1679 suras

403 1700 525 1780 integer
547 1701 650 1762 leudo:
674 1703 747 1782 fuge
771 1705 929 1785 suspicari,

404 1789 490 1849 cuius
513 1797 655 1852 octavum
678 1791 845 1872 trepidavit
868 1800 954 1854 aetas

491 1878 634 1939 claudere
657 1879 797 1941 lustrum.

666 2235 738 2323 'V.

376 2420 518 2484 Nondum
541 2423 669 2485 subacta
691 2426 773 2485 serre
796 2423 901 2504 iugum
924 2427 1008 2487 valet

378 2512 507 2584 cervice,
530 2514 664 2572 nondum
688 2514 790 2573 munia
813 2515 952 2594 conparis

421 2620 552 2680 sequere
575 2620 631 2661 nec
655 2602 733 2662 tauri
757 2603 874 2663 ruentis

465 2690 494 2748 in
518 2708 663 2750 venerem
686 2690 818 2750 tolerare
842 2691 975 2771 pondus;

377 2829 458 2889 circe
479 2829 609 2889 virentis
633 2835 682 2891 est
704 2831 824 2891 enimus
846 2839 918 2892 tuae

376 2936 498 2997 campos
521 2918 677 2993 iuvencae,
702 2937 781 2978 nunc
804 2918 905 2979 fluviis
928 2941 1056 3000 gravem

420 3005 545 3066 solantis
568 3013 696 3079 aestum,
719 3027 800 3067 nunc
823 3008 853 3067 in
877 3008 937 3069 udo

463 3094 570 3155 ludere
593 3115 660 3155 oum
684 3096 791 3155 vitulis
815 3095 920 3157 salicto

374 3234 618 3315 praegestientis.
643 3236 715 3295 tolle
739 3236 913 3317 cupidinem

375 3323 489 3382 inmitis
512 3327 604 3383 uvae!
628 3324 688 3383 iam
712 3325 766 3384 tibi
790 3325 899 3385 lividos

419 3412 588 3491 distinguet
610 3420 774 3472 autumnus
797 3432 934 3473 racemos

462 3518 614 3581 purpureo
638 3502 742 3561 varius
765 3502 873 3562 colore.

373 3639 432 3701 iam
455 3647 487 3700 te
511 3646 672 3720 sequetur3
696 3643 792 3703 currit
814 3642 895 3702 enim
918 3643 1005 3704 ferox

374 3736 459 3789 aetas
482 3733 515 3789 et
536 3729 590 3803 illi,
613 3749 689 3809 quos
713 3731 767 3790 tibi
791 3731 966 3812 dempserit,

418 3819 550 3898 adponet
572 3836 682 3894 annos3
705 3819 765 3879 iem
788 3824 933 3899 proterva

459 3906 560 3966 fronte
584 3915 671 3986 petet
693 3906 810 3985 Lalage
833 3907 981 3980 meritum,

374 4046 493 4121 dilecta,
518 4050 664 4126 quantum
686 4066 745 4108 non
758 4046 883 4108 ‚Pholoe
906 4048 1012 4128 fugax,

373 4154 432 4195 non
457 4133 577 4196 Chloris
600 4136 668 4196 elbo
691 4135 735 4196 sic
758 4156 862 4196 umero
886 4137 996 4210 nitens,

415 4230 451 4283 ut
473 4242 550 4305 pure
571 4231 718 4284 nocturno
742 4225 862 4285 renidet

459 4312 532 4372 luna
554 4312 629 4372 mari
654 4310 821 4374 Cnidiusve
845 4312 962 4395 Gyges,
