3059 4850
1271 229 1392 274 Lm.
1426 229 1460 272 ι.
1489 232 1713 266 ιιι-ιιι.
2556 199 2592 260 9

557 398 709 454 qnae
762 394 920 436 nunc
968 375 1260 456 oppositis
1308 374 1586 435 debilitat
1631 375 1968 456 pumicibus
2012 394 2180 435 mare

557 466 978 542 Tyrrhenum:
1029 464 1250 544 sapias,
1297 464 1440 523 vina
1489 464 1685 542 liques
1734 468 1797 523 et
1844 463 2038 543 spatio
2088 464 2259 525 brevi

557 574 729 634 apem
779 552 1023 631 longam
1070 551 1343 611 reseces!
1394 552 1535 611 dum
1586 551 1905 630 loquimur,
1950 552 2182 630 fugerit
2227 551 2436 612 invida

557 654 762 702 aet-as:
812 659 995 720 carpe
1043 639 1222 713 diem,
1269 658 1450 719 quam
1498 640 1806 700 minimum
1852 640 2106 700 credula
2151 639 2421 720 postero!
2626 646 2663 699 8

1410 1012 1569 1084 XII.

753 1184 954 1255 Quem
1002 1185 1198 1244 virum
1248 1191 1352 1244 aut
1394 1183 1585 1245 heroa
1631 1185 1770 1266 lyra
1815 1184 1916 1245 vel
1964 1184 2088 1244 acri

752 1272 902 1334 tibia
951 1272 1141 1332 sumis
1187 1272 1519 1347 celebrare,
1569 1271 1719 1346 Clio,

754 1380 929 1440 quem
982 1360 1204 1420 deum?
1254 1363 1426 1421 cuius
1474 1362 1708 1421 recinet
1751 1361 1953 1422 iocosa

964 1468 1183 1509 nomen
1231 1448 1434 1527 imago

752 1596 859 1650 aut
906 1590 967 1649 in
1017 1590 1318 1650 umbrosis
1366 1588 1679 1650 Heliconis
1728 1590 1849 1650 oris

754 1683 857 1738 aut
903 1697 1088 1757 super
1133 1677 1329 1738 Pindo
1375 1678 1663 1757 gelidove
1709 1679 1769 1738 in
1818 1675 2101 1739 Haemo?

753 1766 916 1826 unde
964 1767 1235 1826 vocalem
1285 1774 1517 1827 temere
1567 1767 1880 1827 insecutae

965 1853 1209 1934 Orphea
1256 1854 1467 1928 silvae,

753 1999 886 2055 arte
931 2000 1211 2055 materna
1256 1995 1506 2076 rapidos
1556 2001 1887 2055 morantem

752 2082 1065 2143 fluminum
1113 2084 1327 2163 lapsus
1374 2084 1735 2163 celeresque
1781 2094 2017 2159 ventos,

752 2172 1044 2232 blandum
1093 2181 1153 2230 et
1202 2173 1434 2232 auritas
1483 2171 1707 2233 fidibus
1755 2173 1992 2232 canoris

966 2261 1191 2319 ducere
1239 2279 1520 2338 quercus.

751 2401 900 2481 quid
948 2401 1117 2483 prius
1166 2401 1362 2462 dicam
1410 2401 1606 2463 solitis
1654 2401 1928 2483 parentis

754 2488 1086 2550 laudibus?
1133 2490 1238 2569 qui
1289 2510 1388 2551 res
1439 2490 1739 2551 hominum
1788 2509 1860 2551 ac
1908 2492 2178 2563 deorum,

755 2580 856 2656 qui
902 2597 1070 2639 mare
1117 2598 1188 2639 ac
1235 2587 1431 2639 terras
1478 2579 1790 2658 variisque
1837 2578 2125 2638 mundum

967 2675 1272 2747 temperat
1319 2667 1500 2741 horis,

757 2808 918 2868 unde
963 2809 1047 2868 nil
1095 2808 1289 2869 maius
1337 2813 1669 2887 generatur
1709 2808 1858 2889 ips0‚

757 2916 867 2955 nec
916 2897 1088 2973 viget
1134 2897 1455 2975 quiequam
1504 2898 1702 2957 simile
1750 2901 1855 2957 aut
1901 2896 2253 2956 secundum.

755 2984 1065 3065 proximos
1114 2985 1198 3045 illi
1252 2996 1452 3046 tamen
1500 2987 1824 3066 occupavit

967 3073 1171 3133 Pallas
1220 3073 1498 3133 honores.

754 3214 1003 3294 proeliis
1050 3214 1275 3288 audax,
1321 3234 1518 3294 neque
1566 3223 1628 3275 te
1677 3214 1885 3288 sileb0‚

753 3301 957 3377 Liber,
1004 3308 1068 3362 ct
1114 3303 1318 3363 saevis
1366 3303 1608 3363 inimica
1655 3302 1831 3381 virgo

754 3389 971 3465 beluis,
1019 3410 1132 3451 nec
1180 3398 1260 3465 te,
1309 3393 1635 3452 metuende
1683 3396 1849 3449 certa

966 3478 1211 3540 Phoebe
1260 3478 1504 3557 sagitta.

758 3619 956 3680 dicam
1007 3628 1070 3679 et
1116 3620 1374 3680 Alciden
1422 3638 1768 3700 puerosque
1816 3618 2041 3691 Ledae,

759 3708 918 3769 hunc
967 3708 1161 3786 equi8‚
1210 3708 1376 3769 illum
1427 3727 1718 3788 superare
1764 3707 1990 3788 pugnis

757 3796 1048 3871 nobilem3
1096 3816 1351 3875 quorum
1400 3796 1580 3856 simul
1631 3797 1767 3856 alba
1814 3796 2015 3856 nautis

971 3884 1150 3945 stella
1196 3885 1456 3959 refulsit,

762 4024 978 4085 defluit
1023 4026 1193 4085 saxis
1240 4025 1508 4104 agitatus
1555 4044 1743 4096 umor,

756 4113 1088 4173 concidunt
1134 4115 1301 4174 venti
1349 4114 1717 4193 fugiuntque
1765 4114 1975 4189 nubes,

756 4205 821 4262 et
869 4200 1096 4275 minax,
1143 4202 1304 4281 quod
1356 4203 1443 4262 sic
1489 4202 1759 4275 voluere,
1808 4207 1990 4281 ponto

969 4290 1136 4351 unda
1181 4290 1494 4351 recumbit.

2605 2268 2669 2317 12

2602 2676 2670 2726 16

2600 3486 2673 3537 24

2606 4295 2676 4347 32
