3059 4850
1053 232 1173 278 Lm.
1204 234 1291 278 111.
1323 237 1677 271 xxm—xxtv.

569 380 696 441 illic
743 392 934 441 matre
983 381 1331 441 carentibus

749 469 1050 550 privignis
1097 469 1315 529 mulier
1361 475 1663 549 temperat
1711 471 2019 544 innocens,

572 576 685 617 nec
734 558 942 618 dotata
987 558 1152 636 regit
1196 558 1393 617 virum

747 646 1013 706 coniunx
1062 664 1173 706 nec
1221 646 1411 706 nitido
1457 645 1590 706 fidit
1637 645 1932 705 adultero,

567 788 682 846 dos
729 792 823 846 est
868 805 1088 866 magna
1135 787 1476 867 parentium

745 875 942 935 virtus
991 881 1054 936 et
1099 884 1378 936 metuens
1425 876 1677 936 alterius
1726 875 1839 935 viri

565 967 736 1023 certo
783 965 1031 1024 foedere
1080 963 1347 1039 castitaS,

746 1057 807 1111 et
851 1071 1109 1132 peccare
1158 1052 1330 1112 nefas
1379 1059 1484 1112 aut
1530 1052 1791 1132 pretium
1839 1056 1936 1112 est
1980 1052 2149 1113 mori.

563 1212 601 1253 o
650 1192 922 1272 quisquis
969 1194 1136 1253 volet
1181 1192 1378 1272 inpias

743 1281 952 1342 caedis
1000 1287 1062 1341 et
1108 1281 1338 1342 rabiem
1385 1281 1601 1341 tollere
1649 1281 1922 1357 civicam,

564 1369 620 1429 si
669 1376 928 1449 quaeret
973 1375 1185 1450 „pater
1228 1370 1504 1429 urbium“

742 1459 1041 1518 subscribi
1092 1457 1331 1531 statum,
1379 1457 1728 1518 indomitam
1777 1459 2001 1520 audeat

563 1599 876 1659 refrenare
923 1599 1249 1673 licentiam,

743 1686 942 1747 clarus
989 1691 1128 1767 post
1174 1687 1415 1766 genitis,
1463 1696 1763 1766 quatenus
1812 1689 1959 1766 (heu
2010 1687 2205 1768 nefas)

564 1775 852 1835 virtutem
901 1776 1259 1836 incolumem
1309 1775 1564 1850 odimus,

743 1863 1042 1924 sublatam
1091 1884 1173 1925 ex
1221 1864 1411 1924 oculis
1458 1864 1824 1943 quaerimus,
1873 1865 2081 1926 invidi.

560 2005 711 2084 quid
759 2005 965 2064 tristes
1012 2005 1439 2085 querimoniae,

740 2094 791 2153 si
839 2112 955 2154 non
1005 2093 1298 2174 supplicio
1347 2093 1525 2174 culpa
1570 2093 1884 2168 reciditur,

559 2183 708 2261 quid
755 2182 927 2261 leges
976 2181 1107 2241 sine
1153 2182 1421 2242 moribus

738 2289 933 2330 vanae
981 2269 1320 2350 proficiunt,
1370 2271 1422 2330 si
1472 2291 1668 2350 neque
1716 2272 1967 2332 fervidis

561 2432 703 2493 pars
748 2411 985 2473 inclusa
1033 2412 1333 2475 caloribus

736 2501 943 2561 mundi
987 2521 1100 2561 nec
1147 2500 1745 2573 Boreaefinitimum
1792 2502 1955 2563 latus

557 2589 935 2668 durataeque
983 2590 1108 2649 solo
1153 2589 1330 2649 nives

733 2685 1130 2738 mercatorem
1178 2678 1451 2756 abigunt,
1500 2677 1749 2738 horrida
1794 2679 1996 2739 callidi

558 2817 814 2879 vincunt
861 2837 1126 2899 aequora
1173 2819 1433 2891 navitae,

733 2925 1018 2985 magnum
1066 2908 1388 2987 pauperies
1439 2908 1824 2988 obprobrium
1872 2909 2041 2970 iubet

554 2994 804 3073 quidvis
851 3001 915 3055 et
960 2996 1163 3056 facere
1211 3002 1275 3057 et
1322 2996 1448 3076 pati

734 3084 1100 3163 virtutisque
1147 3084 1309 3144 viam
1358 3085 1591 3146 deserit
1638 3086 1911 3146 arduae?

556 3224 657 3283 vel
704 3244 813 3286 nos
859 3224 922 3284 in
970 3222 1352 3305 Capitolium,

732 3332 850 3391 quo
898 3314 1125 3374 clamor
1173 3319 1349 3374 vocat
1393 3319 1457 3374 et
1504 3314 1684 3374 turba
1729 3316 2083 3389 faventium,

556 3400 654 3460 vel
701 3420 810 3461 nos
855 3400 916 3461 in
962 3420 1128 3462 mare
1176 3402 1517 3482 proximum

729 3508 1001 3568 gemmas
1049 3495 1111 3551 et
1157 3490 1411 3570 lapides,
1460 3509 1674 3550 aurum
1722 3494 1784 3551 et
1828 3490 2059 3567 inutile,

551 3628 768 3688 summi
817 3629 1130 3689 materiem
1177 3631 1337 3705 mali,

728 3716 1052 3793 mittamuS,
1101 3719 1401 3779 scelerum
1449 3719 1498 3779 si
1548 3720 1703 3779 bene
1749 3720 2034 3800 paenitet.

549 3804 863 3866 eradenda
907 3806 1207 3886 cupidinis

726 3893 901 3973 pravi
948 3901 1092 3954 sunt
1136 3896 1458 3969 elementa,
1506 3900 1569 3955 et
1614 3901 1863 3958 tenerae
1911 3897 2087 3957 nimis

550 4036 785 4094 mentes
832 4035 1244 4115 asperioribus

726 4122 1079 4184 formandae
1127 4124 1362 4184 studiis.
1414 4126 1612 4187 nescit
1658 4145 1814 4205 equo
1860 4127 2032 4187 rudis

549 4208 805 4270 haerere
851 4212 1153 4290 ingenuus
1199 4233 1354 4293 puer

726 4301 1061 4379 venarique
1111 4301 1298 4375 timet,
1350 4302 1564 4363 ludere
1613 4304 1861 4377 doctior,

2396 206 2476 262 ἐπὶ-’3

2480 658 2544 694 4⁴*

2468 2282 2528 2322 :3⁴5

2468 3095 2516 3135 ii

2452 4319 2496 4363 :Tu
2508 4327 2516 4355 ἱ
