3059 4850
545 247 621 306 *iffi

441 698 501 746 [m

437 1106 505 1150 4Ιὶ

437 1514 501 1558 214

441 1918 509 1967 iffi

441 2735 505 2779 55

437 3547 505 3591 m

439 3951 505 3999 iffi

1337 278 1580 322 HORATI
1606 277 1947 324 cumbum

965 445 1124 506 quae
1172 425 1351 486 simul
1397 432 1645 487 centum
1691 426 1895 506 tetigit
1939 431 2249 507 potentem

966 515 1203 595 oppidis
1249 511 1502 576 Creten:
1549 520 1767 595 „pater
1814 548 1897 559 —
1944 535 1978 575 o
2025 515 2302 576 relictum

963 602 1124 664 filiae
1171 621 1389 662 nomen
1436 603 1790 683 pietasque“
1838 603 1997 664 dixit

1140 691 1344 766 „victa
1390 689 1623 752 furore!

963 836 1126 893 unde
1174 851 1293 912 quo
1342 833 1528 894 veni?
1577 833 1734 893 levis
1780 852 1899 893 una
1943 851 2107 892 mors
2154 842 2247 892 est

964 921 1274 1002 virginum
1319 921 1555 1002 culpae.
1606 920 1950 1000 vigilansne
1995 921 2165 1001 ploro

964 1017 1145 1091 turpe
1191 1010 1576 1082 conmissum,
1622 1028 1699 1071 an
1746 1009 1911 1069 vitiis
1957 1015 2263 1069 carentem

1139 1097 1298 1158 ludit
1341 1097 1543 1177 imago
1636 1151 1639 1155 ,

963 1257 1141 1313 vana,
1187 1257 1346 1317 quae
1392 1244 1569 1318 porta
1613 1238 1859 1317 fugiens
1908 1239 2140 1298 eburna

965 1327 1262 1387 somnium
1310 1327 1520 1387 ducit?
1570 1326 1866 1387 meliusne
1911 1326 2132 1387 fluctus

963 1414 1053 1476 ire
1099 1434 1210 1496 per
1255 1416 1474 1494 longos
1519 1414 1633 1474 fuit
1679 1434 1755 1475 an
1801 1420 2071 1476 recentis

1140 1522 1394 1584 carpere
1437 1503 1623 1564 flores
1640 1500 1673 1563 ⁶?

965 1645 1019 1704 si
1066 1644 1204 1724 quis
1251 1644 1533 1705 infamem
1580 1643 1725 1704 mihi
1772 1663 1934 1704 nunc
1981 1645 2307 1705 iuvencum

966 1733 1156 1794 dedat
1198 1732 1411 1805 iratae,
1458 1732 1732 1792 lacerare
1781 1731 1941 1792 ferro
1989 1739 2053 1793 et

965 1823 1253 1900 frangere
1300 1821 1496 1880 enitar
1541 1821 1721 1881 modo
1767 1821 2023 1881 multum
2069 1821 2251 1882 amati

1143 1926 1367 1969 cornua
1410 1908 1681 1971 monstri.

965 2052 1266 2132 inpudens
1313 2049 1464 2130 liqui
1509 2051 1742 2131 patrios
1788 2050 2060 2125 PenatTS,

964 2141 1267 2221 inpudens
1314 2137 1542 2200 Orcum
1588 2158 1803 2201 moror.
1850 2158 1885 2200 o
1936 2139 2185 2200 deorum

966 2229 1019 2288 si
1064 2227 1202 2308 quis
1249 2227 1402 2288 haec
1449 2227 1646 2300 audis,
1692 2228 1920 2288 utinam
1965 2227 2127 2288 inter
2172 2245 2370 2288 errem

1141 2317 1310 2376 nuda
1356 2316 1597 2376 leones!

967 2463 1290 2539 antequam
1337 2458 1530 2538 turpis
1580 2457 1804 2519 macies
1852 2457 2131 2518 decentis

967 2551 1225 2628 occupet
1270 2546 1462 2607 malas
1509 2550 1885 2625 teneraeque
1932 2564 2114 2605 sucus

969 2636 1199 2696 defluat
1245 2634 1532 2716 praedae,
1581 2633 1859 2713 speciosa
1906 2652 2131 2713 quaero

1144 2741 1396 2804 pascere
1445 2722 1649 2802 tigris.

967 2864 1128 2940 ,vilis
1175 2863 1458 2944 Europe‘,
1504 2867 1682 2944 pater
1726 2868 1951 2942 urguet
1998 2863 2239 2937 absens,

967 2954 1132 3033 ,quid
1178 2952 1330 3013 mori
1377 2951 1628 3012 cessas?
1676 2956 1852 3031 potes
1899 2950 2013 3011 hac
2061 2951 2135 3011 ab
2183 2970 2330 3012 orno

964 3042 1295 3123 pendulum
1342 3058 1494 3100 zona
1541 3040 1697 3099 bene
1744 3044 1807 3099 te
1854 3047 2065 3100 secuta
2111 3058 2170 3099 e·

1140 3129 1336 3190 lidere
1383 3128 1629 3202 collum3

966 3271 1098 3331 sive
1142 3274 1208 3331 te
1254 3288 1440 3349 rupes
1486 3279 1553 3328 et
1597 3272 1775 3328 acuta
1820 3266 1944 3328 leto
2172 3332 2174 3336 ,

967 3377 1121 3420 saxa
1168 3357 1496 3429 delectant,
1546 3374 1662 3434 age
1707 3360 1769 3416 te
1814 3356 2119 3436 procellae

966 3448 1152 3508 crede
1197 3445 1413 3520 veloci,
1460 3444 1578 3503 nisi
1625 3442 1777 3504 erile
1823 3444 2020 3504 mavis

1143 3553 1396 3614 carpere
1441 3551 1700 3614 pensum

965 3675 1176 3755 regius
1223 3673 1474 3754 sanguis
1522 3672 1923 3751 dominaeque
1969 3672 2132 3733 tradi

966 3765 1264 3825 barbarae
1310 3762 1589 3843 paelex.“
1638 3761 1856 3821 aderat
1902 3760 2185 3840 querenti

965 3851 1263 3934 perfidum
1311 3850 1519 3911 ridens
1566 3848 1780 3910 Venus
1828 3853 1891 3910 et
1937 3849 2191 3910 remisso

1143 3939 1305 4000 filius
1351 3957 1513 3999 arcu.

967 4101 1129 4156 mox,
1174 4080 1276 4141 ubi
1324 4078 1474 4139 lusit
1519 4076 1699 4138 satis:
1749 4077 2129 4152 „abstineto“

969 4170 1128 4230 dixit
1175 4169 1440 4245 „irarum
1486 4164 1845 4245 calidaeque
1892 4167 2085 4241 rixae,

969 4278 1105 4320 cum
1153 4256 1262 4318 tibi
1308 4254 1544 4316 invisus
1592 4254 1922 4315 laceranda
1965 4255 2189 4315 reddet

1144 4363 1372 4407 cornua
1415 4348 1650 4404 taurus.
