3059 4850
472 2318 541 2362 'Ati

1409 251 1650 295 nonam
1687 250 1945 295 EPODON

1580 454 1776 525 VIII.

997 627 1243 708 Rogare
1290 627 1473 707 longo
1520 626 1794 708 putidam
1841 633 1904 686 te
1951 627 2215 698 saeculo,

1172 715 1328 776 virts
1374 716 1523 796 quid
1568 720 1829 776 enervet
1871 718 2085 775 meas?

997 824 1131 866 cum
1179 805 1262 864 sit
1306 804 1417 864 tibi
1464 805 1620 864 dens
1665 809 1815 877 ater,
1861 811 1927 864 et
1971 803 2144 884 rugis
2191 814 2370 864 vetus

1170 893 1433 953 frontem
1479 897 1768 952 senectus
1812 899 2051 965 exaret,

998 983 1244 1061 hietque
1292 981 1486 1061 turpis
1537 982 1693 1040 Inter
1736 980 1942 1041 aridas
1989 986 2150 1042 natIs

1170 1070 1376 1149 podex
1422 1068 1593 1128 velut
1639 1069 1867 1129 crudae
1913 1070 2113 1130 bovis!

997 1159 1106 1218 sed
1153 1158 1369 1219 incitat
1413 1177 1510 1217 me
1560 1164 1772 1238 pectus
1818 1160 1883 1216 et
1928 1177 2224 1219 mammae
2270 1164 2501 1238 putreS‚

1171 1246 1399 1327 equina
1442 1246 1660 1326 quales
1705 1246 1913 1319 ubera,

996 1344 1337 1414 venterque
1381 1333 1583 1394 mollis
1631 1339 1696 1394 et
1741 1333 1938 1394 femur
1984 1336 2357 1395 tumentibus

1173 1423 1336 1483 exile
1382 1423 1545 1482 suris
1591 1422 1883 1482 additum.

998 1522 1129 1573 esto
1177 1511 1374 1585 beata,
1420 1511 1603 1571 funus
1649 1519 1837 1589 atque
1882 1510 2182 1590 imagines

1175 1600 1406 1660 ducant
1450 1597 1855 1678 triumphales
1901 1602 2089 1673 tuum,

997 1708 1111 1748 nec
1159 1688 1240 1747 sit
1286 1688 1523 1764 marita,
1570 1705 1727 1767 quae
1775 1688 2234 1748 rotundioribus

1174 1780 1394 1836 onusta
1439 1775 1607 1836 bacis
1654 1775 1953 1850 ambulet3

997 1864 1143 1943 quid
1191 1864 1354 1944 quod
1402 1863 1593 1924 libelli
1640 1861 1827 1924 Stoici
1876 1864 2039 1924 inter
2085 1863 2313 1923 sericos

1172 1952 1374 2012 iacere
1419 1953 1709 2032 pulvillos
1755 1956 1990 2011 amant:

997 2040 1318 2101 inlitterati
1367 2060 1509 2100 num
1556 2041 1754 2100 minus
1800 2040 1973 2099 nervi
2020 2039 2246 2118 rigent,

1176 2129 1453 2190 minusve
1500 2129 1752 2206 languet-
1799 2128 2143 2189 fascinum?

999 2218 1159 2296 quod
1206 2227 1276 2277 ut
1321 2219 1587 2297 superbo
1634 2235 1931 2297 provoces
1979 2218 2054 2278 ab
2101 2214 2373 2295 inguine,

1177 2324 1282 2365 ore
1329 2306 1810 2366 adlaborandum
1856 2310 1954 2366 est
1999 2305 2129 2366 tibi.

1615 2644 1740 2715 IX.

901 2816 1157 2886 Quando
1203 2820 1514 2897 repostum
1564 2815 1911 2879 Caecubum
1956 2816 2033 2876 ad
2080 2816 2274 2876 festas
2322 2816 2511 2897 dapes

1070 2904 1306 2965 victore
1353 2904 1555 2965 laetus
1604 2904 1871 2968 Caesare

897 2999 1102 3056 tecum
1149 2995 1262 3053 sub
1312 2994 1437 3054 alta
1485 2995 1597 3069 (sic
1643 2993 1776 3055 Iovi
1824 2987 2098 3075 gratum)
2148 2994 2344 3066 domo,

1071 3084 1247 3142 beate
1295 3080 1645 3156 Maecenas,
1693 3084 1914 3156 bibam,

897 3176 1152 3231 sonante
1198 3170 1454 3230 mixtum
1503 3171 1667 3231 tibiis
1714 3189 1957 3231 carmen
2003 3169 2162 3249 lyra,

1074 3260 1186 3319 hac
1232 3258 1499 3333 Dorium,
1548 3259 1669 3318 illis
1718 3258 2084 3344 barbarum?

901 3351 964 3407 ut
1009 3366 1222 3428 nuper,
1269 3356 1444 3407 actus
1490 3366 1628 3407 cum
1674 3348 1831 3408 freto
1876 3345 2224 3427 Neptunius

1073 3437 1202 3495 dux
1250 3435 1410 3512 fugit
1453 3436 1608 3495 ustis
1654 3436 1933 3509 navibus,

897 3523 1162 3583 minatus
1206 3524 1341 3584 urbi
1390 3524 1612 3599 vincla,
1659 3543 1816 3603 quae
1864 3524 2226 3584 detraxerat

1075 3611 1273 3672 servis
1320 3612 1551 3673 amicus
1596 3611 1864 3693 perfidis.

905 3701 1208 3762 Romanus
1257 3702 1411 3760 eheu
1461 3698 1719 3781 (posteri
1766 3698 2121 3778 negabitis),

1071 3789 1487 3868 emancipatus
1535 3788 1815 3861 feminae,

901 3877 1015 3936 fert
1059 3876 1286 3937 vallum
1334 3882 1397 3936 et
1441 3895 1629 3950 arma,
1677 3876 1852 3936 miles
1900 3877 1963 3935 et
2008 3874 2380 3955 spadonibus

1073 3964 1308 4024 servire
1355 3965 1598 4043 rugosis
1644 3972 1860 4045 potest,

901 4054 1177 4132 interque
1224 4051 1402 4129 signa
1447 4060 1626 4134 turpe
1673 4053 1959 4114 militaria

1073 4141 1163 4201 sol
1210 4140 1428 4220 aspicit
1474 4141 1823 4221 conopium!

901 4232 960 4289 at
1005 4230 1121 4290 hoc
1164 4229 1498 4289 frementes
1548 4233 1867 4290 verterunt
1912 4229 2003 4288 bis
2052 4228 2216 4288 mille
2264 4245 2453 4307 equos

1072 4315 1256 4392 Galli,
1303 4322 1595 4379 canentes
1644 4316 1991 4391 Caesarem,
