3059 4850
1158 248 1281 296 ΜΒ.
1309 250 1371 294 ll.
1409 251 1723 287 xv1—xv111.

859 401 1184 476 utrumque
1232 401 1507 456 nostrum
1555 395 1897 455 incredibili
1942 395 2121 454 modo

861 485 1162 545 consentit
1209 488 1456 545 astrum.
1526 490 1588 544 te
1634 483 1803 543 Iovis
1847 483 2010 564 inpio

949 573 1145 634 tutela
1192 571 1457 633 Saturno
1503 572 1818 651 refulgens

1036 662 1261 743 eripuit
1305 660 1695 739 volucrisque
1741 659 1850 721 sati

863 802 1133 863 tardavit
1180 801 1328 875 alas,
1375 821 1511 862 cum
1559 800 1817 881 populus
1864 799 2151 878 frequens

861 891 1087 952 laetum
1134 890 1396 950 theatris
1441 897 1539 950 ter
1585 889 1823 969 crepuit
1870 907 2109 964 sonum3

948 999 1048 1039 me
1095 985 1349 1038 truncus
1393 977 1669 1058 inlapsus
1718 979 1966 1038 cerebro

1038 1067 1389 1140 sustulerat,
1437 1065 1554 1126 nisi
1602 1064 1851 1125 Faunus
1895 1065 2080 1125 ictum

864 1210 1085 1268 dextra
1131 1209 1422 1280 levasset,
1469 1205 1928 1266 Mercurialium

862 1305 1065 1357 custos
1114 1295 1400 1356 virorum.
1472 1295 1734 1355 reddere
1783 1294 2059 1355 victimas

950 1385 1286 1463 aedemque
1333 1382 1602 1443 votivam
1650 1386 1977 1443 memento!

1039 1492 1147 1532 nos
1196 1471 1482 1532 humilem
1527 1471 1819 1531 feriemus
1867 1488 2103 1550 agnam.

1309 1844 1571 1915 XVIII.

687 2015 824 2078 Non
873 2018 1026 2077 ebur
1069 2036 1269 2096 neque
1317 2034 1570 2076 aureum

861 2124 998 2165 mea
1042 2105 1287 2164 renidet
1333 2105 1390 2163 in
1439 2104 1615 2164 domo
1663 2104 1929 2175 lacunar,

686 2213 803 2253 non
852 2196 1056 2254 trabes
1104 2193 1461 2272 Hymettiae

864 2287 1145 2362 premunt
1192 2282 1501 2341 columnas
1548 2280 1763 2341 ultima
1810 2281 2036 2340 recisas

687 2421 911 2497 Africa,
958 2442 1156 2501 neque
1207 2422 1397 2482 Attali

865 2511 1111 2590 ignotus
1157 2511 1338 2570 heres
1384 2511 1620 2589 regiam
1667 2511 1978 2591 occupavi,

690 2618 803 2659 nec
850 2598 1180 2660 Laconicas
1226 2599 1370 2658 mihi

863 2688 1110 2748 trahunt
1155 2688 1451 2747 honestae
1496 2706 1800 2767 purpuras
1849 2687 2124 2747 clientae.

687 2835 751 2888 at
795 2827 950 2887 fides
997 2835 1060 2887 et
1105 2828 1312 2906 ingeni

864 2916 1128 2995 benigna
1177 2935 1335 2976 vena
1381 2920 1495 2991 est,
1544 2934 1996 2995 pauperemque
2047 2916 2220 2975 dives

687 3023 784 3063 me
830 3004 1012 3084 petit3
1061 3004 1209 3063 nihil
1256 3023 1441 3083 supra

864 3092 1011 3152 deos
1061 3093 1294 3153 lacesso
1343 3112 1456 3153 nec
1502 3098 1810 3172 potentem
1857 3092 2115 3151 amicum

686 3231 951 3312 largiora
994 3232 1224 3311 flagit0,

863 3321 1016 3382 satis
1067 3323 1280 3381 beatus
1327 3320 1518 3382 unicis
1568 3320 1826 3382 Sabinis.

686 3409 955 3469 truditur
1002 3410 1132 3470 dies
1181 3410 1280 3469 dic

860 3516 1175 3576 novaeque
1221 3503 1492 3580 pergunt
1537 3497 1789 3557 interire
1837 3496 2051 3561 lunae:

686 3643 752 3697 tu
800 3639 1066 3699 secanda
1112 3657 1415 3699 marmora

860 3727 1024 3787 locas
1072 3729 1182 3787 sub
1230 3728 1429 3806 ipsum
1473 3729 1655 3786 funus
1702 3733 1766 3786 et
1812 3726 2076 3806 sepulcri

683 3813 976 3875 inmemor
1020 3815 1207 3875 struis
1255 3816 1480 3889 domos,

860 3902 1167 3982 marisque
1214 3902 1360 3963 Bais
1407 3902 1816 3984 obstrepentis
1862 3920 2093 3981 urgues

684 4044 1046 4103 submovere
1090 4043 1287 4117 litora,

857 4149 1073 4212 parum
1120 4131 1390 4212 locuples
1435 4131 1785 4192 continente
1833 4132 1979 4211 ripa.

685 4218 828 4297 quid
877 4219 1040 4298 quod
1086 4239 1282 4299 usque
1328 4219 1638 4299 proximos

858 4307 1105 4367 revellis
1153 4308 1286 4387 agri
1334 4307 1625 4368 terminos
1672 4313 1733 4369 et
1782 4309 1942 4369 ultra

2560 3503 2620 3547 11ὲί

2552 4319 2616 4359 :4
