3059 4850
614 268 674 314 12113.
690 268 821 313 lv.1-11·

322 437 371 478 me
394 435 451 477 neo
472 417 586 478 femina
608 436 664 478 neo
687 435 765 498 puer

411 506 471 567 iam
493 524 550 566 neo
573 525 645 586 spes
668 504 760 564 animi
784 501 910 564 credula
932 503 1039 575 mutui,

323 613 380 656 noo
403 596 522 654 eantare
544 593 631 654 iuvat
652 611 736 653 mero

410 701 467 743 noe
491 682 607 744 vincire
629 681 718 741 novis
740 685 880 761 tempora
903 678 1038 740 floribus.

324 824 379 884 sed
403 842 458 884 our
482 822 550 898 hen,
574 821 730 902 Ligurine,
754 840 809 881 our

411 915 516 971 manat
539 929 609 970 rara
633 928 716 970 meas
740 909 866 970 lacrima
888 927 943 989 per
966 908 1086 987 genas?

325 1019 379 1061 eur
402 999 536 1060 facunda
559 1017 667 1079 pamm
691 998 802 1058 decoro

411 1088 493 1149 inter
517 1088 610 1147 verba
633 1086 716 1147 eadit
737 1085 843 1165 lingua
866 1083 1009 1146 silentio?

324 1229 480 1290 nocturnis
504 1246 562 1307 ego
586 1227 710 1288 somniis

412 1316 473 1377 iam
496 1320 618 1397 oaptum
641 1320 740 1391 teneo,
762 1314 823 1375 iam
845 1313 1002 1375 volucrem
1026 1329 1139 1392 sequor

325 1416 355 1466 te
377 1424 433 1487 per
456 1404 595 1485 gramina
617 1403 720 1463 Martii

414 1493 521 1574 oampi,
545 1499 575 1553 te
599 1511 654 1572 per
677 1510 784 1570 aquas,
808 1491 894 1565 dure,
918 1488 1069 1549 volubills.

698 1864 744 1934 ΙΙ.

379 2036 546 2098 Pindarum
570 2036 706 2116 quisquis
730 2037 835 2097 studet
857 2035 1015 2109 aemulari,

379 2125 431 2187 ille
455 2126 567 2186 noratis
590 2143 646 2205 ope
670 2124 828 2185 Daedalea

379 2214 486 2275 nititur
507 2213 625 2295 pennis,
649 2212 747 2273 vitreo
772 2214 900 2273 daturus

467 2303 588 2362 nomina
610 2310 708 2382 ponto.

379 2446 481 2506 monte
505 2443 671 2504 decurrens
695 2443 781 2504 velut
803 2441 909 2515 amnis,
934 2441 1046 2500 imbres

381 2552 470 2612 quem
494 2550 587 2613 super
610 2537 698 2591 notas
721 2530 827 2592 aluere
849 2531 943 2610 ripas,

380 2621 481 2683 fervet
502 2621 720 2701 inmensusque
743 2619 807 2679 ruit
828 2618 977 2699 profundo

469 2705 619 2769 Pindarus
643 2725 704 2781 oro,

381 2850 487 2910 lanre'a
510 2849 669 2909 donandus
693 2847 873 2928 Apollinari,

382 2957 437 2998 seu
460 2957 515 3018 per
539 2937 673 2997 audacis
689 2955 769 2997 nova
793 2934 1002 3016 dithyrambos

383 3026 478 3086 verba
501 3025 640 3103 devolyit
663 3026 858 3104 numerisque
883 3024 980 3083 fertur

471 3113 540 3193 lege
564 3113 681 3187 solutis,

383 3274 437 3315 seu
462 3256 536 3314 deos
558 3272 691 3333 regesve
715 3252 805 3325 sunit,
829 3252 955 3312 deornm

384 3342 573 3422 sanguinem,
595 3361 651 3422 per
673 3360 748 3421 quos
772 3340 912 3401 cecidere
934 3339 1017 3400 iusta

383 3438 480 3492 morte
504 3428 658 3505 Centauri,
682 3428 794 3489 oeoidit
817 3428 996 3489 tremendae

470 3518 591 3579 flamma
614 3516 802 3587 Chimaerae,

385 3660 460 3735 sive,
484 3679 560 3739 quos
584 3659 661 3720 Elea
684 3659 807 3719 domum
830 3657 950 3718 redusit

383 3749 484 3829 palma
506 3749 659 3823 caelestis,
682 3747 860 3829 pugilemve
883 3764 1037 3824 equumve

385 3837 459 3898 dicit
480 3842 512 3897 et
534 3842 656 3897 centum
679 3836 798 3917 potiore
821 3834 918 3913 signis

472 3944 597 3985 munere
621 3925 722 4000 donat,

383 4065 478 4126 flebili
501 4084 630 4146 sponsae
653 4065 837 4125 iuvenemve
860 4066 979 4144 ruptum

382 4155 483 4235 plorat
505 4161 537 4214 et
561 4154 636 4214 viris
659 4153 854 4232 animumque
877 4170 1039 4231 moresque

384 4261 493 4304 aureos
516 4242 620 4303 eduoit
641 4242 674 4301 in
696 4254 780 4302 astra
802 4240 953 4320 nigroque

472 4330 589 4391 invidet
611 4328 701 4392 Oreo.
