3059 4850
432 1890 501 1938 ⁴1ss

432 2294 501 2342 44

432 3515 460 3563 ᾗ
469 3515 497 3563 *ji

432 3923 501 3963 lm

1335 249 1581 293 HORA'H
1609 250 1950 294 cummuni

956 398 1148 458 multa
1193 397 1518 457 Dircaeum
1567 397 1737 458 levat
1783 416 1933 458 aura
1980 416 2258 478 cycnum,

960 485 1170 561 tendit,
1218 484 1464 559 Antoni,
1511 485 1794 565 quotiens
1840 485 1899 545 in
1951 486 2106 546 altos

960 574 1208 633 nubium
1255 578 1518 648 tractus3
1570 592 1685 652 ego
1732 573 1862 654 apis
1908 573 2179 634 Matinae

1132 681 1300 722 more
1347 662 1647 742 modoque

957 807 1139 882 grata
1184 802 1491 883 carpentis
1538 803 1752 883 thyma
1797 822 1907 884 per
1953 802 2224 865 laborem

957 890 1282 971 plurimum
1330 891 1490 952 circa
1536 910 1751 952 nemus
1798 891 2088 971 uvidique

961 978 1203 1039 Tiburis
1250 979 1415 1060 ripas
1463 997 1721 1059 operosa
1766 998 1998 1061 parvus

1137 1068 1403 1127 carmina
1447 1067 1628 1147 fingo.

959 1207 1244 1268 concines
1291 1208 1517 1269 maiore
1565 1212 1745 1288 poe‘ta
1791 1209 2024 1289 plectro

959 1293 1306 1370 Gaesarem,
1355 1297 1720 1377 quandoque
1767 1297 1971 1358 trahet
2018 1297 2242 1357 ferocis

958 1403 1071 1465 per
1117 1403 1358 1445 sacrum
1407 1385 1633 1445 clivum
1680 1385 1897 1446 merita
1947 1386 2203 1445 decorus

1134 1473 1349 1533 fronde
1398 1471 1804 1554 Sygambros3

960 1632 1079 1692 quo
1126 1613 1277 1674 nihil
1324 1614 1516 1674 maius
1563 1614 1860 1675 meliusve
1909 1615 2089 1674 terris

959 1703 1088 1762 fata
1135 1702 1442 1762 donavere
1490 1703 1753 1782 bonique
1801 1703 1927 1762 divi

959 1808 1073 1851 nec
1121 1789 1370 1862 dabunt,
1416 1792 1695 1870 quamvis
1743 1792 2000 1851 redeant
2045 1790 2104 1849 in
2153 1807 2368 1849 aurum

1137 1884 1410 1958 tempora
1454 1878 1739 1958 priscum.

962 2018 1245 2080 concines
1291 2018 1611 2098 laetosque
1660 2020 1790 2079 dies
1837 2027 1903 2079 et
1945 2018 2113 2078 urbis

960 2107 1269 2186 publicum
1318 2106 1528 2166 ludum
1577 2126 1762 2186 super
1808 2107 2111 2186 inpetrato

961 2196 1132 2255 fortis
1179 2195 1447 2274 Augusti
1494 2194 1697 2254 reditu
1742 2195 2056 2274 forumque

1139 2283 1347 2343 litibus
1396 2285 1626 2344 orbum.

961 2433 1090 2485 tum
1136 2442 1328 2499 meae,
1377 2423 1427 2484 si
1476 2426 1621 2503 quid
1670 2423 1883 2503 loquar
1931 2423 2321 2498 audiendum,

962 2512 1126 2572 vocis
1175 2513 1428 2572 accedet,
1471 2514 1631 2573 bona
1676 2532 1838 2593 pars,
1888 2519 1949 2572 et
1995 2531 2066 2586 „o
2114 2511 2205 2571 sol

962 2600 1232 2680 pulcher,
1281 2620 1314 2660 o
1362 2599 1740 2661 laudande!“
1786 2619 1996 2661 canam
2045 2604 2295 2679 recepto

1139 2687 1402 2750 Caesare
1449 2688 1619 2749 felix.

962 2837 1149 2908 tuque
1199 2829 1344 2888 dum
1389 2829 1690 2909 procedis,
1738 2830 1794 2889 io
1843 2826 2191 2907 Triumphe,

963 2935 1081 2977 non
1129 2916 1322 2976 semel
1369 2917 1641 2977 dicemus
1686 2916 1777 2990 „io
1823 2914 2196 2995 triumphe!“

962 3005 1180 3065 civitas
1229 3006 1439 3079 omnis,
1488 3005 1906 3084 dabimusque·
1939 3003 2097 3064 divis

1137 3101 1276 3153 tura
1324 3092 1623 3172 benignis.

958 3241 1022 3294 te
1072 3234 1283 3295 decem
1333 3233 1493 3293 tauri
1541 3232 1916 3312 totidemque
1966 3249 2207 3305 vaccae,

956 3342 1055 3383 me
1101 3326 1278 3382 tener
1325 3323 1526 3383 solvet
1574 3321 1819 3394 vitulus,
1869 3320 2081 3381 relicta

957 3414 1155 3471 matre
1201 3410 1306 3490 qui
1353 3410 1542 3488 largis
1587 3409 1931 3469 iuvenescit
1981 3406 2181 3468 herbis

1135 3499 1193 3558 in
1242 3517 1378 3559 mea
1424 3501 1590 3573 vota,

957 3639 1154 3698 fronte
1203 3645 1486 3699 curvatos
1533 3636 1804 3698 imitatus
1851 3636 2014 3714 ignis

959 3726 1210 3787 tertium
1257 3726 1435 3786 lunae
1483 3724 1811 3787 referentis
1860 3733 2076 3799 ortum,

960 3833 1080 3894 qua
1124 3819 1330 3874 notam
1377 3813 1575 3883 duxit,
1626 3814 1842 3872 niveus
1888 3813 2102 3886 videri,

1136 3906 1343 3962 cetera
1387 3901 1612 3961 fulvus.
