3059 4850
630 245 752 289 nouam
769 246 898 290 EPODON

391 410 506 466 senem,
529 391 611 470 quod
635 410 740 452 omnes
763 392 893 467 rideant,
916 391 1090 454 adulterum

475 479 590 540 latrent
613 478 793 542 Suburanae
816 500 908 541 canes

387 569 483 629 nardo
506 571 698 648 porunotum,
721 569 812 648 quale
835 589 894 630 non
917 569 1084 650 perfectius

476 675 562 716 meae
585 656 752 717 laborarint
774 676 890 718 manus.

388 744 460 824 quid
485 744 619 805 aedidit?
643 764 698 804 our
721 745 789 806 dira
812 747 961 807 barbarae
983 747 1083 807 minus

478 851 596 893 venena
618 833 749 894 Medeae
774 834 888 907 valent,

389 920 499 1000 quibus
523 923 686 1001 superbam
710 922 789 1001 fugit
811 922 877 984 ulta
899 922 1056 1003 paelicem,

478 1012 579 1087 magni
604 1008 745 1070 Creontis
769 1010 871 1086 filiam,

389 1115 457 1157 eum
481 1097 572 1178 palla,
595 1099 665 1159 tabo
689 1117 799 1158 munus
823 1099 970 1173 inbutum,
993 1118 1102 1160 novam

475 1185 618 1245 incendio
641 1193 768 1266 nuptam
791 1187 937 1247 abstulit?
957 1192 959 1197 ’

387 1273 471 1353 atqui
494 1292 551 1332 nee
574 1273 670 1333 herba
693 1293 750 1333 neo
773 1274 873 1335 latens
895 1276 926 1335 in
950 1275 1067 1363 asperis

476 1362 567 1422 radix
590 1362 698 1422 lelellit
720 1378 769 1422 me
793 1361 881 1422 loeis:

387 1450 532 1510 indormit
554 1449 653 1510 unctis
676 1451 809 1510 omniurn
834 1451 985 1512 eubilibus

476 1537 627 1599 oblivione
652 1539 810 1619 paelicum.

388 1645 406 1686 a
429 1644 456 1697 a,
479 1626 596 1687 solutus
619 1626 756 1688 ambulat
778 1628 934 1690 veneficae

476 1715 645 1775 soientioris
669 1717 818 1776 carmine!

387 1822 446 1862 non
470 1802 601 1877 usitatis,
626 1802 718 1878 Vare,
740 1805 923 1885 potionibus,

476 1910 492 1951 ο
515 1891 612 1951 multa
634 1891 777 1952 fleturum
800 1899 901 1973 caput,

388 1979 428 2039 ad
451 1998 499 2038 me
522 1998 673 2053 recurres,
695 1999 752 2040 nee
776 1992 886 2041 vocata
908 2000 995 2042 mens
1019 1989 1071 2040 tua

476 2067 588 2127 Marsis
611 2068 724 2128 redibit
747 2070 887 2143 vocibns3

387 2155 485 2216 maius
509 2158 632 2236 parabo,
655 2157 752 2216 maius
776 2158 933 2218 infundam
958 2158 1012 2217 tibi

476 2243 642 2304 fastidienti
668 2244 818 2324 pooulnm,

388 2332 534 2412 priusque
557 2333 674 2393 eaelum
698 2334 780 2393 sidet
801 2333 927 2394 inferius
951 2334 1036 2410 mari,

477 2421 585 2481 tellure
608 2431 750 2501 porrecta
772 2442 874 2502 super,

388 2527 479 2588 quam
501 2528 559 2568 non
583 2528 685 2569 amore
708 2510 752 2569 sio
776 2530 842 2569 meo
865 2510 988 2588 flagres,
1011 2511 1057 2571 uti

476 2597 610 2657 bitumen
634 2598 709 2658 atris
732 2598 884 2677 ignibus.“

388 2685 444 2745 snb
467 2685 543 2746 haee
565 2705 642 2767 puer
664 2686 724 2746 iam
748 2706 817 2761 non,
840 2691 875 2746 ut
898 2692 978 2760 ante,
1001 2686 1144 2747 mollibus

474 2772 572 2834 lenire
596 2774 700 2833 verbis
722 2774 832 2855 inpias,

387 2861 443 2920 sed
465 2861 585 2935 dubius,
608 2862 690 2922 unde
713 2870 871 2943 rumperet
893 2862 1055 2937 silentium,

475 2949 558 3009 misit
581 2949 754 3030 Thyesteas
777 2967 902 3031 praees:

386 3056 526 3112 „venena
550 3057 639 3117 maga
661 3057 720 3099 non
743 3040 790 3098 las
812 3041 968 3118 natasque,
992 3057 1052 3099 non
1075 3038 1180 3099 valent

475 3133 654 3186 convertere
678 3127 839 3187 humanam
863 3128 970 3188 vinem.

388 3213 461 3273 diris
486 3233 576 3293 agam
600 3233 667 3288 v0s;
692 3214 759 3274 dira
783 3215 947 3276 detestatio

473 3302 558 3362 nulla
581 3302 725 3383 expiatur
747 3303 881 3364 viotima.

386 3391 468 3469 quin,
490 3390 542 3451 ubi
566 3391 668 3471 perire
691 3390 794 3451 iussus
818 3393 1027 3472 exspiravere

473 3487 640 3540 nocturnus
664 3498 821 3540 occurram
843 3481 936 3553 furor,

386 3570 547 3647 petamque
570 3566 672 3627 voltus
696 3569 804 3628 umbre
826 3568 930 3628 ourvis
953 3567 1115 3646 unguibus,

474 3675 553 3735 quae
577 3655 624 3716 vis
648 3656 775 3716 deorum
798 3662 847 3715 est
869 3656 1013 3730 Manium,

385 3747 417 3803 et
439 3744 584 3823 inquietis
607 3744 752 3805 adsidens
775 3744 963 3825 praecordiis

473 3852 587 3912 pavore
611 3851 732 3893 somnos
755 3834 899 3894 auferam.

385 3938 440 3979 ros
465 3922 554 3981 turba
577 3920 699 3981 vicatim
723 3920 793 3980 hino
816 3926 849 3980 et
871 3922 941 3981 hino
964 3920 1050 3980 saxis
1073 3924 1180 4000 petens

474 4009 640 4068 contundet
664 4010 812 4069 obscenas
835 4029 924 4085 anus3

385 4101 455 4176 post
477 4096 630 4176 insepulta
652 4098 789 4157 membra
812 4095 953 4158 different
975 4095 1040 4178 lupi

473 4190 505 4244 et
527 4183 706 4264 Esquilinae
730 4186 828 4260 alites,

385 4291 484 4350 neque
508 4274 565 4333 hoe
587 4261 743 4354 parentas,
766 4274 827 4332 heu
851 4272 924 4333 mihi
947 4274 1140 4355 superstites,

473 4359 617 4440 effugerit
640 4362 876 4441 spectaculum.“
