3059 4850
646 252 767 295 HORATI
782 252 952 296 canutam(

458 418 612 474 conamur,
636 405 744 460 tenues
768 399 906 478 grandia,
930 400 1001 460 dum
1024 402 1123 481 pudor

457 486 638 565 inbellisque
662 487 750 568 lyrae
772 488 863 547 Musa
886 492 994 568 potens
1017 494 1103 550 vetat

430 575 564 654 ‚laudes
588 576 706 655 egregii
729 574 870 637 Caesaris
893 581 924 636 et
948 582 1015 637 tuas

530 664 619 744 culpe
642 665 784 724 deterere
808 663 919 742 ingeni.

455 805 523 883 quis
545 804 678 865 Martem
702 806 805 865 tunice
828 812 942 866 tectum
966 804 1162 866 adamantina

455 893 547 972 digne
571 893 729 973 scripserit
752 896 806 955 aut
828 894 956 974 pulvere
981 893 1089 955 Troico

455 981 575 1059 nigrum
599 981 757 1042 Merionen
783 987 836 1042 aut
859 1002 916 1062 ope
940 980 1075 1043 Palladis

531 1069 673 1149 Tydiden
697 1071 818 1150 superis
842 1069 960 1150 parem!

455 1230 509 1270 nos
534 1211 682 1285 convivia,
705 1229 760 1270 nos
784 1211 901 1291 proelia
923 1210 1077 1289 virginum

455 1298 546 1359 sectis
569 1299 600 1358 in
623 1299 751 1359 invenes
775 1299 930 1378 unguibus
954 1299 1069 1359 acrium

455 1393 613 1448 cantamus
635 1387 734 1463 vacui,
758 1389 825 1448 sire
849 1387 924 1466 quid
947 1387 1071 1461 urimur,
1099 1420 1135 1430 -

530 1494 589 1535 non
614 1481 737 1556 praeter
760 1475 883 1536 solitum
906 1476 1002 1536 leves.

755 1848 835 1919 Vll.

340 2021 524 2083 Laudabunt
547 2022 598 2082 alii
622 2023 733 2081 claram
757 2020 888 2081 Rhodon
911 2026 963 2082 aut
985 2020 1159 2100 Mytilenen

448 2117 501 2172 aut
523 2109 667 2191 Epheson
692 2109 856 2170 bimarisve
880 2108 1017 2170 Corinthi

341 2199 460 2260 moenia
483 2199 534 2258 vel
557 2197 675 2259 Baccho
700 2197 821 2258 Thebas
845 2197 895 2257 vel
917 2197 1060 2278 Apolline
1084 2197 1218 2277 Delphos

446 2287 577 2364 insignis
600 2292 653 2346 ant
676 2285 825 2345 Thessala
849 2285 978 2365 Tempe;

346 2433 418 2488 sunt
440 2429 550 2508 quibus
573 2447 666 2487 unum
689 2446 765 2508 opus
793 2433 841 2485 est
867 2426 999 2487 intactae
1023 2426 1160 2488 Palladis
1189 2429 1298 2487 urbem

449 2516 581 2577 carmine
604 2521 750 2596 perpetuo
774 2515 929 2575 celebrare
952 2524 984 2575 et

341 2606 478 2684 undique
503 2606 677 2685 decerptam
701 2603 793 2664 fronti
816 2622 1004 2683 praeponere
1027 2603 1153 2678 olivam3

442 2694 591 2774 plurimus
614 2693 644 2752 in
668 2692 794 2752 lunonis
818 2694 960 2752 honorem

338 2839 441 2914 aptum
464 2834 546 2894 dicet
569 2834 657 2913 equis
681 2832 783 2910 Argos
807 2832 942 2910 ditisque
965 2832 1124 2911 Mycenas.

443 2941 491 2981 me
516 2941 572 2981 nec
594 2926 656 2981 tarn
679 2921 801 3001 patiens
825 2919 1038 2980 Lacedaemon

338 3030 394 3071 neo
418 3013 479 3071 tam
503 3009 629 3069 Larisae
652 3008 807 3089 percussit
830 3027 955 3088 campus
978 3008 1106 3088 opimae,

443 3116 533 3176 quam
558 3098 664 3157 domus
688 3097 847 3157 Albuneae
872 3097 1043 3156 resonantis

336 3246 368 3299 et
389 3257 538 3319 praeceps
562 3238 640 3298 Anio
664 3257 699 3298 ao
723 3238 849 3298 Tiburni
874 3238 961 3299 lucus
986 3244 1017 3299 et
1040 3238 1101 3298 uda

441 3327 600 3387 mobilibus
624 3328 759 3407 pomaria
781 3328 865 3385 rivis.

337 3413 424 3475 albus
447 3421 481 3474 ut
505 3417 633 3475 obscuro
658 3418 801 3493 deterget
825 3414 929 3474 nubila
952 3414 1036 3474 caelo

443 3522 534 3583 saepe
557 3503 655 3564 Notus
681 3524 781 3582 neque
804 3503 936 3583 parturit
958 3502 1065 3562 imbris
1156 3517 1165 3532 ·

335 3650 494 3725 perpetuo,
518 3644 562 3703 sic
585 3650 617 3703 tu
641 3645 762 3723 sapiens
786 3642 874 3701 finire
898 3649 1050 3703 memento

443 3732 596 3792 tristitiam
619 3732 763 3810 vitaeque
787 3731 908 3790 labores

336 3820 428 3894 molli,
451 3818 574 3896 Plance,
598 3840 690 3895 mero,
715 3838 770 3878 seu
794 3828 824 3877 te
848 3819 998 3897 fulgentia
1022 3818 1119 3897 signis

443 3913 544 3968 castra
567 3911 671 3968 tenent
695 3927 750 3966 seu
775 3908 871 3967 densa
894 3907 1011 3968 tenebit

335 4048 459 4109 Tiburis
482 4050 590 4108 umbra
612 4048 664 4108 tui.
712 4046 831 4109 Teucer
855 4047 1008 4109 Salamina
1031 4052 1210 4129 patremque

441 4155 507 4196 cum
531 4136 662 4215 fugeret,
686 4140 789 4197 tamen
811 4137 873 4197 uda
897 4136 1000 4217 Lyaeo

334 4229 471 4304 tempora
493 4225 625 4305 populea
648 4225 744 4283 fertur
769 4225 907 4284 vinxisse
931 4244 1052 4300 corona,

440 4314 484 4372 sic
507 4314 606 4373 tristis
629 4312 752 4373 adlatus
776 4313 903 4374 amicos:
