3059 4850
662 270 784 315 HORATl
799 269 973 314 assumunt

475 419 550 500 quid
573 419 614 478 sit
636 419 770 478 futurum
792 436 871 490 eras,
893 418 1138 496 luge-quaerere
1161 424 1201 489 et,

476 527 567 586 quem
590 508 651 567 fors
675 506 793 571 dicrum
816 525 945 584 cumque
968 504 1063 579 dabit,
1086 504 1171 565 lucro

529 596 647 675 adpone
670 614 726 656 nec
750 594 851 655 duleis
873 612 992 654 amores
1019 642 1024 663 ,

582 702 692 764 sperne
715 702 793 763 puer
815 702 915 761 neque
937 687 971 741 tu
994 681 1131 772 plorans,

477 825 574 885 doueo
596 823 709 884 uirenti
732 823 858 883 canities
881 824 969 883 abest
1000 816 1004 862 3

475 931 603 974 morosa
628 931 708 972 nunc
731 918 764 973 et
787 930 911 991 campus
935 916 966 970 et
989 929 1080 970 areae

529 1001 675 1080 lenesque
699 1001 755 1060 sub
779 1004 899 1060 noctem
924 998 1043 1058 susurri

581 1089 737 1169 conposita
758 1093 939 1168 repetantur
961 1089 1044 1160 hora,

476 1249 556 1291 nunc
579 1233 611 1290 et
632 1230 755 1290 latentis
780 1228 915 1309 proditor
936 1227 1041 1287 intimo

476 1325 584 1398 gratus
608 1318 729 1398 puellae
752 1317 833 1377 risus
857 1317 894 1376 ab
920 1316 1033 1395 angulo

530 1407 702 1487 pignusque
722 1406 887 1486 'dereptum
910 1404 1034 1465 lacertis

582 1501 635 1555 aut
659 1494 755 1573 digito
779 1494 859 1553 male
881 1493 1039 1573 pertinaci.

477 1829 622 1901 Mercuri,
647 1828 778 1889 facunde
794 1845 896 1906 nepos
921 1826 1065 1899 Atlantis,

478 1918 529 1997 qui
553 1918 633 1977 feros
657 1916 760 1976 cultus
784 1914 937 1975 homiuum
961 1919 1118 1974 recentum

477 2026 552 2067 voce
578 2005 715 2065 formasti
739 2011 827 2065 catus
850 2008 881 2063 et
904 2004 1033 2063 decorae

584 2113 667 2154 more
691 2093 875 2173 palaestrae,

478 2238 508 2294 te
532 2253 648 2309 canam,
673 2234 777 2312 magni
801 2232 885 2293 Iovis
909 2239 941 2291 et
963 2233 1087 2292 deorum

478 2323 617 2384 nuntium
641 2341 816 2400 curvaeque
840 2322 926 2401 lyrae
951 2324 1116 2400 parentem,

478 2411 631 2486 callidum,
656 2410 806 2491 quidquid
831 2408 951 2490 placuit,
975 2409 1073 2469 iocoso

584 2501 716 2561 condere
739 2499 828 2559 furto.

480 2644 520 2716 te,
544 2642 639 2701 boves
663 2640 733 2701 olim
757 2639 816 2699 nisi
839 2638 1027 2699 reddidisses

479 2749 534 2811 per
558 2730 659 2791 dolum
683 2733 809 2801 amotas,
831 2746 960 2808 puerum
984 2726 1093 2787 minaci

479 2837 554 2878 voce
579 2818 649 2877 dum
675 2823 779 2890 terret,
804 2817 914 2876 viduus
938 2815 1082 2896 pharetra

585 2906 651 2965 risit
677 2904 793 2984 Apollo.

480 3046 606 3125 quinat
630 3044 756 3105 Atridas
781 3046 857 3105 duce
881 3053 911 3104 te
935 3044 1081 3125 superbos

480 3133 538 3195 Ilio
562 3134 649 3193 dives
672 3132 812 3194 Priamus
835 3133 939 3193 relicto

481 3221 706 3301 Thessalosque
730 3223 812 3301 ignis
836 3226 868 3282 et
891 3221 993 3300 iniqua
1018 3219 1126 3279 Troiae

585 3315 687 3372 castra
710 3310 826 3372 fefellit.

482 3459 515 3513 tu
537 3452 604 3533 pias
627 3452 717 3512 laetis
741 3452 856 3511 animas
879 3450 1001 3529 reponis

481 3540 604 3599 sedibus
629 3540 777 3618 virgaque
801 3539 900 3600 levem
924 3556 1046 3598 cocroes

481 3647 575 3688 aurea
598 3629 729 3700 turbam,
753 3626 872 3707 superis
897 3627 1023 3686 deorum

586 3721 694 3795 gratus
717 3719 749 3776 et
772 3715 848 3775 imis.

795 3931 855 4000 ΧΙ.

352 4069 399 4128 Tu
422 4088 460 4128 ue
483 4068 651 4147 quaesicris
674 4063 768 4149 (scire
789 4066 897 4145 nefas),
921 4085 1011 4145 quem
1037 4063 1117 4136 mihi,
1140 4083 1230 4141 quem
1252 4064 1307 4124 tibi

353 4156 443 4217 finem
467 4156 498 4216 di
522 4155 674 4230 dederint,
698 4155 868 4229 Leuconod,
892 4173 948 4215 nec
972 4151 1155 4231 Babylonios

352 4244 511 4325 temptaris
535 4263 687 4305 numeros.
711 4250 745 4304 ut
769 4244 885 4318 melius,
909 4240 1059 4322 quidquid
1082 4240 1148 4313 erit,
1172 4238 1249 4320 pati!

353 4352 407 4393 seu
431 4333 529 4413 plurls
552 4332 670 4394 hiemes
694 4352 750 4394 seu
773 4333 879 4393 tribuit
901 4330 1040 4411 Iuppiter
1064 4328 1209 4399 ultimam,
