3059 4850
1296 255 1480 290 Ill—v.

624 409 691 459 ut
736 401 886 462 haec
932 400 1218 460 trementi
1264 403 1520 479 questus
1568 418 1673 458 ore
1719 399 1991 460 constitit

795 488 1137 567 insignibus
1182 488 1373 569 raptis
1420 506 1591 567 puer,

622 578 845 657 inpube
892 595 1128 657 corpus,
1176 576 1353 655 quale
1401 580 1609 656 posset
1654 575 1820 655 inpia

796 665 1031 725 mollire
1079 663 1381 725 Thracum
1428 669 1695 744 pectora,

624 751 893 827 Canidia,
940 753 1233 812 brevibus
1278 752 1536 830 inligata
1582 751 1813 833 viperis

795 843 985 902 crin1s
1032 849 1097 902 et
1141 840 1508 920 incomptum
1560 847 1756 920 caput,

623 930 790 990 iubet
835 930 1131 1010 sepulcris
1179 928 1492 1009 caprificos
1541 929 1769 1002 erutas,

796 1018 963 1077 iubet
1008 1036 1331 1098 cupressos
1377 1017 1654 1076 funebris

623 1115 684 1165 et
728 1111 914 1166 uncta
958 1106 1154 1185 turpis
1200 1124 1317 1166 ova
1363 1123 1550 1165 ranae
1598 1104 1897 1183 sanguine

794 1192 1185 1275 plumamque
1232 1201 1565 1254 nocturnae
1612 1193 1824 1272 strigis

622 1283 982 1362 herbasque,
1029 1300 1181 1362 quas
1229 1281 1427 1342 Iolcos
1474 1290 1660 1361 atque
1709 1280 1971 1340 Hiberia

795 1370 979 1432 mittit
1024 1388 1396 1430 venenorum
1444 1371 1639 1445 ferax,

624 1467 688 1519 et
732 1478 872 1519 ossa
918 1460 995 1519 ab
1041 1478 1146 1519 ore
1192 1464 1369 1537 rapta
1415 1458 1655 1518 ieiunae
1702 1457 1870 1517 canis

794 1546 1052 1607 flammis
1100 1548 1274 1608 aduri
1322 1544 1639 1607 Colchicis.

623 1641 686 1695 at
730 1635 1020 1716 expedita
1067 1634 1327 1713 Sagana,
1369 1654 1480 1713 per
1524 1639 1714 1694 totam
1763 1634 2002 1693 domum

797 1742 1097 1804 spargens
1147 1724 1477 1783 Avernalis
1523 1741 1733 1801 aquas,

624 1813 831 1873 horret
875 1812 1115 1892 capillis
1161 1820 1231 1870 ut
1276 1812 1544 1870 marinus
1593 1811 1827 1891 asperis

798 1899 1051 1961 echinus
1098 1905 1205 1959 aut
1249 1918 1501 1959 currens
1550 1917 1712 1978 aper.

626 1990 841 2048 abacta
885 1987 1054 2047 nulla
1099 1988 1255 2047 Veia
1301 1987 1673 2048 conscientia

799 2077 1105 2156 ligonibus
1153 2076 1325 2136 duris
1372 2076 1619 2135 humum

626 2165 1047 2248 exhauriebat,
1094 2165 1409 2243 ingemens
1456 2164 1781 2237 laboribus,

801 2273 919 2333 quo
965 2258 1175 2334 posset
1219 2252 1484 2312 infossus
1531 2271 1686 2333 puer

624 2341 805 2421 longo
853 2342 952 2402 die
1000 2342 1091 2400 bis
1138 2346 1354 2419 terque
1402 2346 1672 2401 mutatae
1721 2337 1895 2420 dapis

800 2430 1050 2490 inemori
1096 2430 1462 2511 spectaculo,

625 2538 759 2578 cum
805 2519 1175 2600 promineret
1219 2537 1340 2590 ore,
1388 2521 1682 2596 quantum
1729 2520 1978 2577 exstant
2023 2534 2177 2595 aqua

798 2625 1098 2687 suspensa
1143 2612 1345 2666 mento
1395 2623 1676 2685 corpora3

624 2703 877 2756 exsecta
921 2695 1009 2754 uti
1054 2694 1325 2756 medulla
1369 2701 1433 2753 et
1478 2693 1715 2754 aridum
1762 2693 1932 2754 iecur

800 2784 1019 2844 amoris
1066 2792 1231 2843 esset
1276 2782 1580 2863 poculum,

624 2872 1007 2932 interminato
1054 2891 1189 2932 cum
1238 2871 1426 2932 semel
1474 2869 1637 2930 fixae
1683 2871 1814 2930 cibo

798 2960 1200 3020 intabuissent
1244 2960 1525 3040 pupulae.

625 3067 741 3107 non
791 3047 1063 3108 defuisse
1110 3049 1415 3108 masculae
1465 3046 1734 3106 libidinis

800 3136 1249 3197 Ariminensem
1300 3135 1532 3196 Foliam

626 3228 689 3283 et
735 3225 927 3285 otiosa
972 3224 1235 3285 credidit
1279 3223 1569 3304 Neapolis

803 3321 867 3373 et
912 3332 1086 3373 omne
1133 3312 1397 3372 vicinum
1445 3312 1750 3392 oppidum,

626 3420 781 3480 qnae
828 3401 1034 3462 sidera
1079 3405 1410 3461 excantata
1454 3418 1605 3459 voce
1654 3398 1951 3458 Thessala

800 3489 1125 3569 lunamque
1175 3489 1343 3549 caelo
1392 3487 1631 3567 deripit.

627 3579 721 3637 hic
768 3578 1135 3638 inresectum
1183 3596 1370 3637 saeva
1417 3577 1599 3636 dente
1646 3575 1834 3635 livido

799 3664 1050 3728 Canidia
1100 3667 1320 3727 rodens
1368 3664 1648 3745 pollicem

624 3754 768 3833 quid
819 3753 976 3815 dixit
1021 3759 1127 3814 aut
1171 3753 1318 3834 quid
1354 3753 1598 3814 tacuit?
1646 3773 1717 3827 „o
1765 3753 1949 3813 rebus
1994 3751 2145 3812 meia

801 3861 921 3902 non
967 3842 1243 3902 infideles
1290 3843 1573 3916 arbitrae,

624 3929 769 3990 Nox
815 3939 879 3990 et
924 3931 1135 4004 Diana,
1183 3951 1337 4011 quae
1386 3931 1692 3991 silentium
1741 3930 1926 4010 regie,

801 4037 1023 4079 arcana
1068 4039 1202 4080 cum
1247 4017 1403 4079 fiunt
1449 4038 1642 4092 sacra,

626 4125 801 4181 nunc,
851 4126 1007 4168 nunc
1055 4108 1287 4181 adeste,
1335 4126 1498 4167 nnnc
1545 4108 1604 4166 in
1652 4107 1890 4167 hostilis
1940 4107 2145 4166 domos

803 4196 950 4256 iram
997 4203 1181 4276 atque
1230 4214 1454 4254 numen
1502 4195 1742 4256 vertite.

627 4283 1028 4344 formidolosis
1075 4303 1210 4345 cum
1260 4283 1455 4343 latent
1500 4266 1673 4344 silvis
1719 4284 1887 4344 ferae

803 4372 966 4433 dulci
1014 4391 1231 4452 sopore
1278 4372 1623 4450 languidae,

2401 223 2481 283 iffi

2496 763 2553 807 l-''ai

2489 1203 2553 1243 Ἠι

2489 2524 2517 2564 :l
2525 2524 2553 2564 ἦ

2489 2964 2557 3009 »lsi

2489 3852 2557 3896 {sti

2493 4292 2509 4308 Γ
2529 4292 2541 4308 “.

2489 4308 2517 4336 ...Ι
2525 4308 2553 4336 ,ΓΙ
