<?xml version="1.0" encoding="UTF-8"?>
<!DOCTYPE html PUBLIC "-//W3C//DTD XHTML 1.0 Transitional//EN"
    "http://www.w3.org/TR/xhtml1/DTD/xhtml1-transitional.dtd">
<html xmlns="http://www.w3.org/1999/xhtml" xml:lang="en" lang="en">
 <head>
  <title>
</title>
<meta http-equiv="Content-Type" content="text/html;charset=utf-8" />
  <meta name='ocr-system' content='tesseract 3.04.00' />
  <meta name='ocr-capabilities' content='ocr_page ocr_carea ocr_par ocr_line ocrx_word'/>
</head>
<body>
  <div class='ocr_page' id='page_1' title='image "./odenundepoden01horagoog/odenundepoden01horagoog_0068.png"; bbox 0 0 3059 4850; ppageno 0'>
   <div class='ocr_carea' id='block_1_1' title="bbox 517 242 593 294">
    <p class='ocr_par' dir='ltr' id='par_1_1' title="bbox 517 242 593 294">
     <span class='ocr_line' id='line_1_1' title="bbox 517 242 593 294; baseline 0 0"><span class='ocrx_word' id='word_1_1' title='bbox 517 242 593 294; x_wconf 66' lang='lat' dir='ltr'><strong>fui</strong></span> 
     </span>
    </p>
   </div>
   <div class='ocr_carea' id='block_1_2' title="bbox 420 2050 477 2090">
    <p class='ocr_par' dir='ltr' id='par_1_2' title="bbox 420 2050 477 2090">
     <span class='ocr_line' id='line_1_2' title="bbox 420 2050 477 2090; baseline 0 0"><span class='ocrx_word' id='word_1_2' title='bbox 420 2050 477 2090; x_wconf 65' lang='lat' dir='ltr'><strong>lli</strong></span> 
     </span>
    </p>
   </div>
   <div class='ocr_carea' id='block_1_3' title="bbox 424 3527 481 3571">
    <p class='ocr_par' dir='ltr' id='par_1_3' title="bbox 424 3527 481 3571">
     <span class='ocr_line' id='line_1_3' title="bbox 424 3527 481 3571; baseline 0 0"><span class='ocrx_word' id='word_1_3' title='bbox 424 3527 481 3571; x_wconf 68' lang='lat'><strong>1:</strong></span> 
     </span>
    </p>
   </div>
   <div class='ocr_carea' id='block_1_4' title="bbox 1314 267 1926 313">
    <p class='ocr_par' dir='ltr' id='par_1_4' title="bbox 1314 267 1926 313">
     <span class='ocr_line' id='line_1_4' title="bbox 1314 267 1926 313; baseline -0.003 0"><span class='ocrx_word' id='word_1_4' title='bbox 1314 268 1557 313; x_wconf 77' lang='lat' dir='ltr'><strong>HORATI</strong></span> <span class='ocrx_word' id='word_1_5' title='bbox 1587 267 1926 313; x_wconf 75' lang='lat' dir='ltr'><strong>CAmssNUM</strong></span> 
     </span>
    </p>
   </div>
   <div class='ocr_carea' id='block_1_5' title="bbox 1515 420 1710 490">
    <p class='ocr_par' dir='ltr' id='par_1_5' title="bbox 1515 420 1710 490">
     <span class='ocr_line' id='line_1_5' title="bbox 1515 420 1710 490; baseline -0.005 0"><span class='ocrx_word' id='word_1_6' title='bbox 1515 420 1710 490; x_wconf 89' lang='lat' dir='ltr'><strong>XIII.</strong></span> 
     </span>
    </p>
   </div>
   <div class='ocr_carea' id='block_1_6' title="bbox 938 556 2237 902">
    <p class='ocr_par' dir='ltr' id='par_1_6' title="bbox 938 556 2237 902">
     <span class='ocr_line' id='line_1_6' title="bbox 938 556 2237 638; baseline 0 -19"><span class='ocrx_word' id='word_1_7' title='bbox 938 556 992 619; x_wconf 89' lang='lat' dir='ltr'>O</span> <span class='ocrx_word' id='word_1_8' title='bbox 1040 557 1174 618; x_wconf 84' lang='lat' dir='ltr'><strong>fons</strong></span> <span class='ocrx_word' id='word_1_9' title='bbox 1222 556 1590 631; x_wconf 81' lang='lat' dir='ltr'><strong>Bandusiae,</strong></span> <span class='ocrx_word' id='word_1_10' title='bbox 1637 557 2014 638; x_wconf 80' lang='lat' dir='ltr'>splendidior</span> <span class='ocrx_word' id='word_1_11' title='bbox 2059 558 2237 633; x_wconf 83' lang='lat' dir='ltr'><strong>vitro,</strong></span> 
     </span>
     <span class='ocr_line' id='line_1_7' title="bbox 938 645 2209 725; baseline -0.001 -19"><span class='ocrx_word' id='word_1_12' title='bbox 938 645 1101 707; x_wconf 89' lang='lat' dir='ltr'><strong>dulci</strong></span> <span class='ocrx_word' id='word_1_13' title='bbox 1149 646 1335 725; x_wconf 84' lang='lat' dir='ltr'><strong>digne</strong></span> <span class='ocrx_word' id='word_1_14' title='bbox 1381 665 1548 706; x_wconf 88' lang='lat' dir='ltr'><strong>mero</strong></span> <span class='ocrx_word' id='word_1_15' title='bbox 1596 664 1715 706; x_wconf 88' lang='lat' dir='ltr'><strong>non</strong></span> <span class='ocrx_word' id='word_1_16' title='bbox 1764 645 1897 706; x_wconf 88' lang='lat' dir='ltr'><strong>sine</strong></span> <span class='ocrx_word' id='word_1_17' title='bbox 1943 645 2209 720; x_wconf 89' lang='lat' dir='ltr'><strong>floribus,</strong></span> 
     </span>
     <span class='ocr_line' id='line_1_8' title="bbox 1027 733 1803 810; baseline 0.003 -16"><span class='ocrx_word' id='word_1_18' title='bbox 1027 752 1164 794; x_wconf 89' lang='lat' dir='ltr'><strong>cras</strong></span> <span class='ocrx_word' id='word_1_19' title='bbox 1214 734 1539 794; x_wconf 82' lang='lat' dir='ltr'>donaberis</span> <span class='ocrx_word' id='word_1_20' title='bbox 1584 733 1803 810; x_wconf 87' lang='lat' dir='ltr'><strong>haed0,</strong></span> 
     </span>
     <span class='ocr_line' id='line_1_9' title="bbox 1113 821 2048 902; baseline 0 -20"><span class='ocrx_word' id='word_1_21' title='bbox 1113 821 1211 882; x_wconf 91' lang='lat' dir='ltr'><strong>cui</strong></span> <span class='ocrx_word' id='word_1_22' title='bbox 1257 822 1425 883; x_wconf 85' lang='lat' dir='ltr'><strong>frons</strong></span> <span class='ocrx_word' id='word_1_23' title='bbox 1473 822 1721 902; x_wconf 83' lang='lat' dir='ltr'><strong>turgida</strong></span> <span class='ocrx_word' id='word_1_24' title='bbox 1766 822 2048 884; x_wconf 84' lang='lat' dir='ltr'><strong>cornibus</strong></span> 
     </span>
    </p>
   </div>
   <div class='ocr_carea' id='block_1_7' title="bbox 936 962 2312 1306">
    <p class='ocr_par' dir='ltr' id='par_1_7' title="bbox 936 962 2312 1306">
     <span class='ocr_line' id='line_1_10' title="bbox 936 962 2312 1044; baseline 0.001 -22"><span class='ocrx_word' id='word_1_25' title='bbox 936 962 1148 1044; x_wconf 89' lang='lat' dir='ltr'><strong>primis</strong></span> <span class='ocrx_word' id='word_1_26' title='bbox 1195 969 1256 1023; x_wconf 85' lang='lat' dir='ltr'><strong>et</strong></span> <span class='ocrx_word' id='word_1_27' title='bbox 1305 981 1588 1024; x_wconf 87' lang='lat' dir='ltr'><strong>venerem</strong></span> <span class='ocrx_word' id='word_1_28' title='bbox 1636 968 1700 1024; x_wconf 76' lang='lat' dir='ltr'><strong>et</strong></span> <span class='ocrx_word' id='word_1_29' title='bbox 1745 963 1977 1044; x_wconf 88' lang='lat' dir='ltr'><strong>proelia</strong></span> <span class='ocrx_word' id='word_1_30' title='bbox 2024 964 2312 1025; x_wconf 77' lang='lat' dir='ltr'><strong>destinat.</strong></span> 
     </span>
     <span class='ocr_line' id='line_1_11' title="bbox 937 1050 2082 1130; baseline 0.001 -20"><span class='ocrx_word' id='word_1_31' title='bbox 937 1051 1183 1124; x_wconf 85' lang='lat' dir='ltr'><strong>frustra,</strong></span> <span class='ocrx_word' id='word_1_32' title='bbox 1227 1069 1368 1110; x_wconf 91' lang='lat' dir='ltr'><strong>nam</strong></span> <span class='ocrx_word' id='word_1_33' title='bbox 1414 1051 1655 1130; x_wconf 86' lang='lat' dir='ltr'><strong>gelidos</strong></span> <span class='ocrx_word' id='word_1_34' title='bbox 1704 1050 1926 1112; x_wconf 88' lang='lat' dir='ltr'><strong>inficiet</strong></span> <span class='ocrx_word' id='word_1_35' title='bbox 1974 1050 2082 1112; x_wconf 82' lang='lat' dir='ltr'><strong>tibi</strong></span> 
     </span>
     <span class='ocr_line' id='line_1_12' title="bbox 1025 1139 1765 1219; baseline 0 -21"><span class='ocrx_word' id='word_1_36' title='bbox 1025 1140 1207 1199; x_wconf 88' lang='lat' dir='ltr'><strong>rubro</strong></span> <span class='ocrx_word' id='word_1_37' title='bbox 1254 1139 1554 1219; x_wconf 83' lang='lat' dir='ltr'><strong>sanguine</strong></span> <span class='ocrx_word' id='word_1_38' title='bbox 1601 1140 1765 1200; x_wconf 87' lang='lat' dir='ltr'><strong>rivos</strong></span> 
     </span>
     <span class='ocr_line' id='line_1_13' title="bbox 1114 1226 1893 1306; baseline 0 -20"><span class='ocrx_word' id='word_1_39' title='bbox 1114 1226 1327 1288; x_wconf 79' lang='lat' dir='ltr'><strong>lascivi</strong></span> <span class='ocrx_word' id='word_1_40' title='bbox 1373 1228 1619 1287; x_wconf 81' lang='lat' dir='ltr'>suboles</span> <span class='ocrx_word' id='word_1_41' title='bbox 1665 1226 1893 1306; x_wconf 76' lang='lat' dir='ltr'><strong>gregis,</strong></span> 
     </span>
    </p>
   </div>
   <div class='ocr_carea' id='block_1_8' title="bbox 938 1366 2165 1714">
    <p class='ocr_par' dir='ltr' id='par_1_8' title="bbox 938 1366 2165 1714">
     <span class='ocr_line' id='line_1_14' title="bbox 938 1366 2165 1449; baseline -0.002 -19"><span class='ocrx_word' id='word_1_42' title='bbox 938 1375 999 1430; x_wconf 82' lang='lat' dir='ltr'><strong>te</strong></span> <span class='ocrx_word' id='word_1_43' title='bbox 1045 1366 1370 1449; x_wconf 82' lang='lat' dir='ltr'><strong>flagrantis</strong></span> <span class='ocrx_word' id='word_1_44' title='bbox 1416 1373 1596 1429; x_wconf 82' lang='lat' dir='ltr'><strong>atrox</strong></span> <span class='ocrx_word' id='word_1_45' title='bbox 1642 1367 1793 1429; x_wconf 90' lang='lat' dir='ltr'><strong>hora</strong></span> <span class='ocrx_word' id='word_1_46' title='bbox 1839 1366 2165 1430; x_wconf 83' lang='lat' dir='ltr'>Caniculae</span> 
     </span>
     <span class='ocr_line' id='line_1_15' title="bbox 939 1455 2121 1535; baseline 0 -19"><span class='ocrx_word' id='word_1_47' title='bbox 939 1457 1137 1518; x_wconf 75' lang='lat' dir='ltr'><strong>nescit</strong></span> <span class='ocrx_word' id='word_1_48' title='bbox 1181 1464 1456 1535; x_wconf 80' lang='lat' dir='ltr'><strong>tangere,</strong></span> <span class='ocrx_word' id='word_1_49' title='bbox 1506 1460 1573 1517; x_wconf 79' lang='lat' dir='ltr'><strong>tu</strong></span> <span class='ocrx_word' id='word_1_50' title='bbox 1622 1455 1817 1535; x_wconf 80' lang='lat' dir='ltr'><strong>frigus</strong></span> <span class='ocrx_word' id='word_1_51' title='bbox 1865 1457 2121 1516; x_wconf 82' lang='lat' dir='ltr'>amabile</span> 
     </span>
     <span class='ocr_line' id='line_1_16' title="bbox 1026 1543 1741 1606; baseline 0 -2"><span class='ocrx_word' id='word_1_52' title='bbox 1026 1544 1206 1606; x_wconf 84' lang='lat' dir='ltr'><strong>fessis</strong></span> <span class='ocrx_word' id='word_1_53' title='bbox 1253 1563 1501 1606; x_wconf 78' lang='lat' dir='ltr'><strong>vomere</strong></span> <span class='ocrx_word' id='word_1_54' title='bbox 1551 1543 1741 1604; x_wconf 88' lang='lat' dir='ltr'><strong>tauris</strong></span> 
     </span>
     <span class='ocr_line' id='line_1_17' title="bbox 1117 1633 1960 1714; baseline 0 -22"><span class='ocrx_word' id='word_1_55' title='bbox 1117 1633 1376 1714; x_wconf 80' lang='lat' dir='ltr'><strong>praebes</strong></span> <span class='ocrx_word' id='word_1_56' title='bbox 1425 1641 1488 1692; x_wconf 83' lang='lat' dir='ltr'><strong>et</strong></span> <span class='ocrx_word' id='word_1_57' title='bbox 1531 1633 1735 1713; x_wconf 88' lang='lat' dir='ltr'><strong>pecori</strong></span> <span class='ocrx_word' id='word_1_58' title='bbox 1784 1652 1960 1712; x_wconf 87' lang='lat' dir='ltr'><strong>vago.</strong></span> 
     </span>
    </p>
   </div>
   <div class='ocr_carea' id='block_1_9' title="bbox 937 1773 2159 2120">
    <p class='ocr_par' dir='ltr' id='par_1_9' title="bbox 937 1773 2159 2120">
     <span class='ocr_line' id='line_1_18' title="bbox 937 1773 2105 1854; baseline -0.001 -20"><span class='ocrx_word' id='word_1_59' title='bbox 937 1773 1048 1835; x_wconf 88' lang='lat' dir='ltr'><strong>fies</strong></span> <span class='ocrx_word' id='word_1_60' title='bbox 1095 1773 1384 1834; x_wconf 79' lang='lat' dir='ltr'>nobilium</span> <span class='ocrx_word' id='word_1_61' title='bbox 1432 1777 1498 1833; x_wconf 80' lang='lat' dir='ltr'><strong>tu</strong></span> <span class='ocrx_word' id='word_1_62' title='bbox 1546 1793 1786 1854; x_wconf 90' lang='lat' dir='ltr'><strong>quoque</strong></span> <span class='ocrx_word' id='word_1_63' title='bbox 1833 1774 2105 1847; x_wconf 82' lang='lat' dir='ltr'><strong>fontium,</strong></span> 
     </span>
     <span class='ocr_line' id='line_1_19' title="bbox 941 1861 2159 1943; baseline -0.001 -21"><span class='ocrx_word' id='word_1_64' title='bbox 941 1882 1037 1922; x_wconf 91' lang='lat' dir='ltr'><strong>me</strong></span> <span class='ocrx_word' id='word_1_65' title='bbox 1085 1861 1326 1923; x_wconf 86' lang='lat' dir='ltr'><strong>dicente</strong></span> <span class='ocrx_word' id='word_1_66' title='bbox 1374 1863 1542 1922; x_wconf 88' lang='lat' dir='ltr'><strong>cavis</strong></span> <span class='ocrx_word' id='word_1_67' title='bbox 1591 1862 1912 1943; x_wconf 82' lang='lat' dir='ltr'><strong>inpositam</strong></span> <span class='ocrx_word' id='word_1_68' title='bbox 1960 1862 2159 1923; x_wconf 88' lang='lat' dir='ltr'><strong>ilicem</strong></span> 
     </span>
     <span class='ocr_line' id='line_1_20' title="bbox 1031 1950 1767 2030; baseline 0 -20"><span class='ocrx_word' id='word_1_69' title='bbox 1031 1950 1220 2023; x_wconf 81' lang='lat' dir='ltr'><strong>saxis,</strong></span> <span class='ocrx_word' id='word_1_70' title='bbox 1267 1951 1430 2010; x_wconf 89' lang='lat' dir='ltr'><strong>unde</strong></span> <span class='ocrx_word' id='word_1_71' title='bbox 1477 1950 1767 2030; x_wconf 77' lang='lat' dir='ltr'><strong>loquaces</strong></span> 
     </span>
     <span class='ocr_line' id='line_1_21' title="bbox 1117 2038 1948 2120; baseline -0.001 -22"><span class='ocrx_word' id='word_1_72' title='bbox 1117 2038 1406 2120; x_wconf 82' lang='lat' dir='ltr'><strong>lymphae</strong></span> <span class='ocrx_word' id='word_1_73' title='bbox 1454 2039 1747 2100; x_wconf 80' lang='lat' dir='ltr'><strong>desiliunt</strong></span> <span class='ocrx_word' id='word_1_74' title='bbox 1793 2044 1948 2099; x_wconf 82' lang='lat' dir='ltr'><strong>tuae.</strong></span> 
     </span>
    </p>
   </div>
   <div class='ocr_carea' id='block_1_10' title="bbox 1527 2305 1717 2376">
    <p class='ocr_par' dir='ltr' id='par_1_10' title="bbox 1527 2305 1717 2376">
     <span class='ocr_line' id='line_1_22' title="bbox 1527 2305 1717 2376; baseline -0.005 0"><span class='ocrx_word' id='word_1_75' title='bbox 1527 2305 1717 2376; x_wconf 88' lang='lat' dir='ltr'><strong>XIV.</strong></span> 
     </span>
    </p>
   </div>
   <div class='ocr_carea' id='block_1_11' title="bbox 942 2444 2213 2773">
    <p class='ocr_par' dir='ltr' id='par_1_11' title="bbox 942 2444 2213 2525">
     <span class='ocr_line' id='line_1_23' title="bbox 942 2444 2213 2525; baseline -0.001 -20"><span class='ocrx_word' id='word_1_76' title='bbox 942 2444 1233 2506; x_wconf 87' lang='lat' dir='ltr'><strong>Herculis</strong></span> <span class='ocrx_word' id='word_1_77' title='bbox 1280 2445 1401 2505; x_wconf 82' lang='lat' dir='ltr'><strong>ritu</strong></span> <span class='ocrx_word' id='word_1_78' title='bbox 1447 2444 1626 2506; x_wconf 88' lang='lat' dir='ltr'><strong>modo</strong></span> <span class='ocrx_word' id='word_1_79' title='bbox 1676 2445 1891 2514; x_wconf 82' lang='lat' dir='ltr'><strong>dictus,</strong></span> <span class='ocrx_word' id='word_1_80' title='bbox 1941 2464 1972 2505; x_wconf 94' lang='lat' dir='ltr'><strong>o</strong></span> <span class='ocrx_word' id='word_1_81' title='bbox 2022 2446 2213 2525; x_wconf 90' lang='lat' dir='ltr'><strong>plebs,</strong></span> 
     </span>
    </p>

    <p class='ocr_par' dir='ltr' id='par_1_12' title="bbox 942 2533 2046 2613">
     <span class='ocr_line' id='line_1_24' title="bbox 942 2533 2046 2613; baseline -0.001 -20"><span class='ocrx_word' id='word_1_82' title='bbox 942 2535 1138 2594; x_wconf 82' lang='lat' dir='ltr'><strong>morte</strong></span> <span class='ocrx_word' id='word_1_83' title='bbox 1187 2533 1464 2595; x_wconf 86' lang='lat' dir='ltr'><strong>venalem</strong></span> <span class='ocrx_word' id='word_1_84' title='bbox 1511 2534 1762 2613; x_wconf 87' lang='lat' dir='ltr'><strong>petiisse</strong></span> <span class='ocrx_word' id='word_1_85' title='bbox 1811 2533 2046 2592; x_wconf 89' lang='lat' dir='ltr'><strong>laurum</strong></span> 
     </span>
    </p>

    <p class='ocr_par' dir='ltr' id='par_1_13' title="bbox 945 2619 2058 2773">
     <span class='ocr_line' id='line_1_25' title="bbox 945 2619 2058 2702; baseline -0.002 -19"><span class='ocrx_word' id='word_1_86' title='bbox 945 2619 1173 2683; x_wconf 86' lang='lat' dir='ltr'><strong>Caesar</strong></span> <span class='ocrx_word' id='word_1_87' title='bbox 1220 2620 1497 2701; x_wconf 87' lang='lat' dir='ltr'><strong>Hispana</strong></span> <span class='ocrx_word' id='word_1_88' title='bbox 1543 2621 1768 2702; x_wconf 78' lang='lat' dir='ltr'><strong>repetit</strong></span> <span class='ocrx_word' id='word_1_89' title='bbox 1815 2628 2058 2701; x_wconf 63' lang='lat' dir='ltr'><strong>penatis</strong></span> 
     </span>
     <span class='ocr_line' id='line_1_26' title="bbox 1119 2709 1609 2773; baseline 0.006 -4"><span class='ocrx_word' id='word_1_90' title='bbox 1119 2709 1316 2770; x_wconf 78' lang='lat' dir='ltr'><strong>victor</strong></span> <span class='ocrx_word' id='word_1_91' title='bbox 1361 2711 1436 2769; x_wconf 91' lang='lat' dir='ltr'><strong>ab</strong></span> <span class='ocrx_word' id='word_1_92' title='bbox 1484 2729 1609 2773; x_wconf 83' lang='lat' dir='ltr'><strong>ora.</strong></span> 
     </span>
    </p>
   </div>
   <div class='ocr_carea' id='block_1_12' title="bbox 941 2850 2076 3195">
    <p class='ocr_par' dir='ltr' id='par_1_14' title="bbox 943 2850 1974 2930">
     <span class='ocr_line' id='line_1_27' title="bbox 943 2850 1974 2930; baseline 0.001 -21"><span class='ocrx_word' id='word_1_93' title='bbox 943 2850 1120 2910; x_wconf 90' lang='lat' dir='ltr'><strong>unico</strong></span> <span class='ocrx_word' id='word_1_94' title='bbox 1167 2850 1448 2930; x_wconf 86' lang='lat' dir='ltr'><strong>gaudens</strong></span> <span class='ocrx_word' id='word_1_95' title='bbox 1492 2850 1712 2910; x_wconf 89' lang='lat' dir='ltr'><strong>mulier</strong></span> <span class='ocrx_word' id='word_1_96' title='bbox 1759 2851 1974 2911; x_wconf 82' lang='lat' dir='ltr'><strong>marito</strong></span> 
     </span>
    </p>

    <p class='ocr_par' dir='ltr' id='par_1_15' title="bbox 941 2938 1942 3019">
     <span class='ocr_line' id='line_1_28' title="bbox 941 2938 1942 3019; baseline -0.003 -20"><span class='ocrx_word' id='word_1_97' title='bbox 941 2938 1197 3019; x_wconf 85' lang='lat' dir='ltr'><strong>prodeat</strong></span> <span class='ocrx_word' id='word_1_98' title='bbox 1242 2938 1420 2998; x_wconf 82' lang='lat' dir='ltr'><strong>iustis</strong></span> <span class='ocrx_word' id='word_1_99' title='bbox 1467 2944 1719 3017; x_wconf 79' lang='lat' dir='ltr'><strong>operata</strong></span> <span class='ocrx_word' id='word_1_100' title='bbox 1765 2938 1942 3011; x_wconf 75' lang='lat' dir='ltr'><strong>(livia,</strong></span> 
     </span>
    </p>

    <p class='ocr_par' dir='ltr' id='par_1_16' title="bbox 946 3026 2076 3195">
     <span class='ocr_line' id='line_1_29' title="bbox 946 3026 2076 3101; baseline -0.003 -13"><span class='ocrx_word' id='word_1_101' title='bbox 946 3037 1010 3088; x_wconf 82' lang='lat' dir='ltr'><strong>et</strong></span> <span class='ocrx_word' id='word_1_102' title='bbox 1056 3044 1229 3087; x_wconf 88' lang='lat' dir='ltr'><strong>soror</strong></span> <span class='ocrx_word' id='word_1_103' title='bbox 1276 3026 1424 3086; x_wconf 86' lang='lat' dir='ltr'><strong>clari</strong></span> <span class='ocrx_word' id='word_1_104' title='bbox 1472 3026 1663 3101; x_wconf 72' lang='lat' dir='ltr'><strong>(lucie,</strong></span> <span class='ocrx_word' id='word_1_105' title='bbox 1711 3032 1773 3086; x_wconf 79' lang='lat' dir='ltr'><strong>et</strong></span> <span class='ocrx_word' id='word_1_106' title='bbox 1819 3026 2076 3087; x_wconf 80' lang='lat' dir='ltr'><strong>decorae</strong></span> 
     </span>
     <span class='ocr_line' id='line_1_30' title="bbox 1123 3114 1599 3195; baseline 0.004 -22"><span class='ocrx_word' id='word_1_107' title='bbox 1123 3114 1396 3195; x_wconf 84' lang='lat' dir='ltr'><strong>supplice</strong></span> <span class='ocrx_word' id='word_1_108' title='bbox 1445 3114 1599 3175; x_wconf 82' lang='lat' dir='ltr'><strong>vitta</strong></span> 
     </span>
    </p>
   </div>
   <div class='ocr_carea' id='block_1_13' title="bbox 943 3254 2239 3600">
    <p class='ocr_par' dir='ltr' id='par_1_17' title="bbox 943 3254 2231 3335">
     <span class='ocr_line' id='line_1_31' title="bbox 943 3254 2231 3335; baseline 0 -21"><span class='ocrx_word' id='word_1_109' title='bbox 943 3254 1252 3334; x_wconf 84' lang='lat' dir='ltr'><strong>virginum</strong></span> <span class='ocrx_word' id='word_1_110' title='bbox 1296 3259 1527 3316; x_wconf 76' lang='lat' dir='ltr'><strong>matres</strong></span> <span class='ocrx_word' id='word_1_111' title='bbox 1575 3255 1986 3335; x_wconf 87' lang='lat' dir='ltr'><strong>iuvenumque</strong></span> <span class='ocrx_word' id='word_1_112' title='bbox 2035 3273 2231 3335; x_wconf 85' lang='lat' dir='ltr'><strong>nuper</strong></span> 
     </span>
    </p>

    <p class='ocr_par' dir='ltr' id='par_1_18' title="bbox 944 3342 2124 3424">
     <span class='ocr_line' id='line_1_32' title="bbox 944 3342 2124 3424; baseline 0 -21"><span class='ocrx_word' id='word_1_113' title='bbox 944 3343 1256 3424; x_wconf 82' lang='lat' dir='ltr'><strong>sospitum.</strong></span> <span class='ocrx_word' id='word_1_114' title='bbox 1303 3362 1432 3417; x_wconf 86' lang='lat' dir='ltr'><strong>vos,</strong></span> <span class='ocrx_word' id='word_1_115' title='bbox 1478 3363 1511 3404; x_wconf 95' lang='lat' dir='ltr'><strong>o</strong></span> <span class='ocrx_word' id='word_1_116' title='bbox 1557 3343 1731 3424; x_wconf 89' lang='lat' dir='ltr'><strong>pueri</strong></span> <span class='ocrx_word' id='word_1_117' title='bbox 1778 3353 1839 3403; x_wconf 87' lang='lat' dir='ltr'><strong>et</strong></span> <span class='ocrx_word' id='word_1_118' title='bbox 1884 3342 2124 3424; x_wconf 89' lang='lat' dir='ltr'><strong>puellae</strong></span> 
     </span>
    </p>

    <p class='ocr_par' dir='ltr' id='par_1_19' title="bbox 943 3431 2239 3600">
     <span class='ocr_line' id='line_1_33' title="bbox 943 3431 2239 3512; baseline -0.002 -20"><span class='ocrx_word' id='word_1_119' title='bbox 943 3432 1064 3493; x_wconf 88' lang='lat' dir='ltr'><strong>iam</strong></span> <span class='ocrx_word' id='word_1_120' title='bbox 1111 3432 1308 3492; x_wconf 86' lang='lat' dir='ltr'><strong>virum</strong></span> <span class='ocrx_word' id='word_1_121' title='bbox 1357 3438 1671 3512; x_wconf 83' lang='lat' dir='ltr'><strong>expertae,</strong></span> <span class='ocrx_word' id='word_1_122' title='bbox 1718 3432 1875 3493; x_wconf 89' lang='lat' dir='ltr'><strong>male</strong></span> <span class='ocrx_word' id='word_1_123' title='bbox 1920 3431 2239 3492; x_wconf 79' lang='lat' dir='ltr'><strong>nominatis</strong></span> 
     </span>
     <span class='ocr_line' id='line_1_34' title="bbox 1121 3520 1625 3600; baseline 0 -20"><span class='ocrx_word' id='word_1_124' title='bbox 1121 3520 1352 3600; x_wconf 77' lang='lat' dir='ltr'><strong>parcite</strong></span> <span class='ocrx_word' id='word_1_125' title='bbox 1400 3520 1625 3580; x_wconf 70' lang='lat' dir='ltr'><strong>verbis</strong></span> 
     </span>
    </p>
   </div>
   <div class='ocr_carea' id='block_1_14' title="bbox 943 3661 2192 3987">
    <p class='ocr_par' dir='ltr' id='par_1_20' title="bbox 943 3661 2066 3721">
     <span class='ocr_line' id='line_1_35' title="bbox 943 3661 2066 3721; baseline -0.001 -1"><span class='ocrx_word' id='word_1_126' title='bbox 943 3661 1041 3720; x_wconf 91' lang='lat' dir='ltr'><strong>hic</strong></span> <span class='ocrx_word' id='word_1_127' title='bbox 1092 3661 1222 3721; x_wconf 86' lang='lat' dir='ltr'><strong>dies</strong></span> <span class='ocrx_word' id='word_1_128' title='bbox 1268 3680 1417 3721; x_wconf 83' lang='lat' dir='ltr'><strong>vere</strong></span> <span class='ocrx_word' id='word_1_129' title='bbox 1464 3661 1612 3721; x_wconf 93' lang='lat' dir='ltr'><strong>mihi</strong></span> <span class='ocrx_word' id='word_1_130' title='bbox 1661 3662 1852 3720; x_wconf 79' lang='lat' dir='ltr'><strong>festus</strong></span> <span class='ocrx_word' id='word_1_131' title='bbox 1899 3668 2066 3721; x_wconf 81' lang='lat' dir='ltr'><strong>atras</strong></span> 
     </span>
    </p>

    <p class='ocr_par' dir='ltr' id='par_1_21' title="bbox 945 3749 2124 3828">
     <span class='ocr_line' id='line_1_36' title="bbox 945 3749 2124 3828; baseline 0 -19"><span class='ocrx_word' id='word_1_132' title='bbox 945 3749 1178 3809; x_wconf 78' lang='lat' dir='ltr'><strong>eximet</strong></span> <span class='ocrx_word' id='word_1_133' title='bbox 1223 3767 1428 3809; x_wconf 87' lang='lat' dir='ltr'><strong>curas:</strong></span> <span class='ocrx_word' id='word_1_134' title='bbox 1477 3768 1594 3828; x_wconf 84' lang='lat' dir='ltr'><strong>ego</strong></span> <span class='ocrx_word' id='word_1_135' title='bbox 1642 3768 1754 3808; x_wconf 92' lang='lat' dir='ltr'><strong>nec</strong></span> <span class='ocrx_word' id='word_1_136' title='bbox 1802 3749 2124 3809; x_wconf 84' lang='lat' dir='ltr'><strong>tumultum</strong></span> 
     </span>
    </p>

    <p class='ocr_par' dir='ltr' id='par_1_22' title="bbox 946 3837 2192 3987">
     <span class='ocr_line' id='line_1_37' title="bbox 946 3837 2192 3917; baseline 0 -20"><span class='ocrx_word' id='word_1_137' title='bbox 946 3856 1060 3897; x_wconf 92' lang='lat' dir='ltr'><strong>nec</strong></span> <span class='ocrx_word' id='word_1_138' title='bbox 1107 3837 1260 3898; x_wconf 86' lang='lat' dir='ltr'><strong>mori</strong></span> <span class='ocrx_word' id='word_1_139' title='bbox 1304 3857 1416 3917; x_wconf 90' lang='lat' dir='ltr'><strong>per</strong></span> <span class='ocrx_word' id='word_1_140' title='bbox 1459 3838 1589 3897; x_wconf 86' lang='lat' dir='ltr'><strong>vim</strong></span> <span class='ocrx_word' id='word_1_141' title='bbox 1632 3846 1899 3897; x_wconf 78' lang='lat' dir='ltr'><strong>metuam</strong></span> <span class='ocrx_word' id='word_1_142' title='bbox 1948 3842 2192 3897; x_wconf 82' lang='lat' dir='ltr'><strong>tenente</strong></span> 
     </span>
     <span class='ocr_line' id='line_1_38' title="bbox 1127 3923 1653 3987; baseline -0.004 0"><span class='ocrx_word' id='word_1_143' title='bbox 1127 3923 1392 3987; x_wconf 83' lang='lat' dir='ltr'><strong>Caesare</strong></span> <span class='ocrx_word' id='word_1_144' title='bbox 1439 3934 1653 3986; x_wconf 79' lang='lat' dir='ltr'><strong>terras,</strong></span> 
     </span>
    </p>
   </div>
   <div class='ocr_carea' id='block_1_15' title="bbox 946 4067 2245 4392">
    <p class='ocr_par' dir='ltr' id='par_1_23' title="bbox 946 4067 2245 4147">
     <span class='ocr_line' id='line_1_39' title="bbox 946 4067 2245 4147; baseline -0.002 -22"><span class='ocrx_word' id='word_1_145' title='bbox 946 4067 986 4142; x_wconf 91' lang='lat' dir='ltr'><strong>i,</strong></span> <span class='ocrx_word' id='word_1_146' title='bbox 1033 4071 1173 4147; x_wconf 86' lang='lat' dir='ltr'><strong>pete</strong></span> <span class='ocrx_word' id='word_1_147' title='bbox 1221 4071 1623 4145; x_wconf 76' lang='lat' dir='ltr'><strong>unguentum,</strong></span> <span class='ocrx_word' id='word_1_148' title='bbox 1670 4084 1838 4145; x_wconf 89' lang='lat' dir='ltr'><strong>puer,</strong></span> <span class='ocrx_word' id='word_1_149' title='bbox 1886 4074 1947 4125; x_wconf 87' lang='lat' dir='ltr'><strong>et</strong></span> <span class='ocrx_word' id='word_1_150' title='bbox 1994 4083 2245 4125; x_wconf 89' lang='lat' dir='ltr'><strong>coronas</strong></span> 
     </span>
    </p>

    <p class='ocr_par' dir='ltr' id='par_1_24' title="bbox 949 4153 2146 4227">
     <span class='ocr_line' id='line_1_40' title="bbox 949 4153 2146 4227; baseline -0.003 -12"><span class='ocrx_word' id='word_1_151' title='bbox 949 4160 1013 4215; x_wconf 82' lang='lat' dir='ltr'><strong>et</strong></span> <span class='ocrx_word' id='word_1_152' title='bbox 1059 4155 1276 4215; x_wconf 87' lang='lat' dir='ltr'><strong>cadum</strong></span> <span class='ocrx_word' id='word_1_153' title='bbox 1324 4154 1515 4213; x_wconf 84' lang='lat' dir='ltr'><strong>Marsi</strong></span> <span class='ocrx_word' id='word_1_154' title='bbox 1563 4172 1891 4214; x_wconf 89' lang='lat' dir='ltr'><strong>memorem</strong></span> <span class='ocrx_word' id='word_1_155' title='bbox 1938 4153 2146 4227; x_wconf 87' lang='lat' dir='ltr'><strong>duelli,</strong></span> 
     </span>
    </p>

    <p class='ocr_par' dir='ltr' id='par_1_25' title="bbox 952 4240 2197 4392">
     <span class='ocr_line' id='line_1_41' title="bbox 952 4240 2197 4323; baseline -0.003 -20"><span class='ocrx_word' id='word_1_156' title='bbox 952 4240 1311 4323; x_wconf 80' lang='lat' dir='ltr'><strong>Spartacum</strong></span> <span class='ocrx_word' id='word_1_157' title='bbox 1360 4242 1411 4302; x_wconf 88' lang='lat' dir='ltr'><strong>si</strong></span> <span class='ocrx_word' id='word_1_158' title='bbox 1459 4260 1579 4321; x_wconf 89' lang='lat' dir='ltr'><strong>qua</strong></span> <span class='ocrx_word' id='word_1_159' title='bbox 1623 4241 1823 4322; x_wconf 76' lang='lat' dir='ltr'><strong>potuit</strong></span> <span class='ocrx_word' id='word_1_160' title='bbox 1870 4249 2197 4321; x_wconf 79' lang='lat' dir='ltr'><strong>vagantem</strong></span> 
     </span>
     <span class='ocr_line' id='line_1_42' title="bbox 1127 4330 1566 4392; baseline -0.002 -2"><span class='ocrx_word' id='word_1_161' title='bbox 1127 4330 1341 4392; x_wconf 84' lang='lat' dir='ltr'><strong>fallere</strong></span> <span class='ocrx_word' id='word_1_162' title='bbox 1386 4334 1566 4390; x_wconf 82' lang='lat' dir='ltr'><strong>testa.</strong></span> 
     </span>
    </p>
   </div>
  </div>
 </body>
</html>
