3059 4850
488 291 547 334 121ss.
562 291 605 336 111.
621 294 806 330 xxiv—xxvii.

356 457 472 518 oquae
498 440 618 499 beatam
641 438 713 498 diva
736 443 825 498 tenes
849 436 985 516 Cyprum
1009 446 1041 498 et

356 526 511 607 Memphin
534 533 689 587 carentem
713 524 852 586 Sithonia
875 526 954 598 nive,

400 615 516 694 regina,
540 615 660 676 sublimi
683 613 806 693 flagello

444 710 535 782 tango
558 701 673 764 Obloe'u
696 703 791 762 semel
815 702 1025 781 adrogantem.

628 1075 778 1146 XXVII.

358 1247 461 1329 Inpios
484 1267 593 1329 parrae
617 1247 782 1307 recinentis
805 1267 892 1308 omen

358 1336 449 1397 ducat
473 1342 505 1395 et
527 1355 700 1416 praegnans
723 1337 808 1395 oanis
832 1342 886 1396 aut
909 1337 946 1397 ab
971 1354 1045 1414 agro

358 1443 432 1485 rava
454 1425 622 1485 decurrens
645 1425 717 1505 lupa
739 1423 899 1485 Lanuvino

445 1513 568 1592 fetaque
591 1512 712 1593 volpes3

358 1659 480 1735 rumpat
502 1659 534 1714 et
556 1673 683 1734 serpens
707 1655 767 1715 iter
790 1654 971 1729 institutum,

358 1744 384 1802 si
407 1762 462 1823 per
485 1742 639 1822 obliquum
662 1742 768 1802 similis
792 1742 923 1822 sagittae

360 1832 468 1893 terruit
490 1849 628 1906 mannos,
652 1850 710 1909 ego
733 1831 783 1890 oui
806 1831 918 1891 timebo

446 1919 592 2001 providus
615 1938 742 1999 auspex,

358 2068 522 2139 antequam
545 2064 658 2121 stantis
682 2063 803 2140 repetat
825 2060 954 2140 paludes

359 2149 498 2209 imbrium
521 2149 624 2209 divina
647 2147 714 2208 avis
738 2148 947 2224 inminentum,

359 2238 489 2298 oscinem
514 2256 637 2297 corvum
660 2255 753 2317 prece
777 2237 929 2298 suscitabo

446 2325 519 2386 solis
542 2326 580 2384 ab
604 2332 681 2385 ortu.

360 2468 401 2527 sis
423 2466 497 2528 lieet
520 2468 604 2542 felix,
627 2468 810 2547 ubicumque
833 2468 941 2542 maris,

358 2561 389 2617 et
412 2573 526 2617 memor
550 2556 653 2629 nostri,
676 2553 816 2631 Galatea,
839 2557 937 2630 vivae,

359 2653 449 2724 teque
473 2663 531 2704 nec
553 2643 661 2704 laevus
684 2650 772 2704 vetet
793 2645 838 2705 irc
861 2645 948 2725 picus

446 2751 502 2792 nec
526 2751 606 2811 vaga
629 2734 744 2793 cornix.

359 2872 415 2933 sed
438 2873 534 2947 vides,
558 2878 669 2952 quanto
692 2873 828 2953 trepidet
851 2872 982 2933 tumultu

358 2979 471 3041 pronus
495 2959 601 3034 Orion3
628 2979 685 3039 ego
709 2961 782 3040 quid
806 2961 846 3021 sit
869 2969 937 3022 ater

359 3047 494 3109 Hadriae
519 3049 589 3109 novi
613 3048 697 3108 sinus
720 3055 752 3109 et
775 3051 847 3129 quid
872 3051 961 3110 albus

446 3147 554 3217 peccet
576 3135 688 3218 Iapyx.

359 3278 488 3338 bostium
512 3296 625 3338 uxores
648 3278 795 3358 puerique
819 3296 926 3339 caecos

358 3366 490 3427 sentiant
512 3371 612 3427 motus
635 3366 760 3426 orientis
785 3366 892 3426 Austri
916 3373 948 3428 et

358 3455 500 3533 aequoris
523 3455 604 3533 nigri
627 3454 781 3515 fremitum
803 3459 835 3514 et
857 3463 1019 3515 trementis

446 3544 576 3604 verbere
600 3544 692 3623 ripae.

360 3682 403 3743 sic
425 3696 456 3744 et
478 3683 601 3763 Europe
625 3683 747 3744 niveum
772 3684 876 3744 doloso

359 3771 490 3832 credidit
512 3778 599 3833 tauro
622 3772 702 3832 latua
726 3779 758 3833 et
781 3778 951 3832 scatentem

359 3860 457 3920 beluis
479 3865 603 3941 pontum
628 3860 807 3940 mediasque
830 3861 949 3920 fraudis

447 3948 556 4029 palluit
578 3949 690 4009 audax.

359 4109 457 4171 nuper
480 4089 509 4150 in
533 4090 629 4169 pratis
652 4090 790 4151 studiosa
811 4089 920 4150 florum
944 4098 976 4150 et

359 4178 481 4239 debitae
503 4176 656 4259 Nymphis
679 4179 784 4259 opifex
807 4196 946 4253 coronae,

359 4272 449 4327 nocta
473 4267 619 4327 sublustri
641 4267 716 4327 nibil
739 4272 824 4326 astra
846 4273 971 4347 praeter

447 4355 525 4415 vidit
546 4362 579 4416 et
601 4356 708 4416 undae.

195 4464 284 4507 Horati
299 4464 415 4508 carmina.
