<?xml version="1.0" encoding="UTF-8"?>
<!DOCTYPE html PUBLIC "-//W3C//DTD XHTML 1.0 Transitional//EN"
    "http://www.w3.org/TR/xhtml1/DTD/xhtml1-transitional.dtd">
<html xmlns="http://www.w3.org/1999/xhtml" xml:lang="en" lang="en">
 <head>
  <title>
</title>
<meta http-equiv="Content-Type" content="text/html;charset=utf-8" />
  <meta name='ocr-system' content='tesseract 3.04.00' />
  <meta name='ocr-capabilities' content='ocr_page ocr_carea ocr_par ocr_line ocrx_word'/>
</head>
<body>
  <div class='ocr_page' id='page_1' title='image "./odenundepoden01horagoog_0044.png"; bbox 0 0 3059 4850; ppageno 0'>
   <div class='ocr_carea' id='block_1_1' title="bbox 664 244 972 291">
    <p class='ocr_par' dir='ltr' id='par_1_1' title="bbox 664 244 972 291">
     <span class='ocr_line' id='line_1_1' title="bbox 664 244 972 291; baseline 0.013 -4"><span class='ocrx_word' id='word_1_1' title='bbox 664 244 786 289; x_wconf 72' lang='lat' dir='ltr'>nonam</span> <span class='ocrx_word' id='word_1_2' title='bbox 801 244 972 291; x_wconf 68' lang='lat' dir='ltr'>CARMINUH</span> 
     </span>
    </p>
   </div>
   <div class='ocr_carea' id='block_1_2' title="bbox 508 391 1157 739">
    <p class='ocr_par' dir='ltr' id='par_1_2' title="bbox 508 391 1157 473">
     <span class='ocr_line' id='line_1_2' title="bbox 508 391 1157 473; baseline 0.006 -21"><span class='ocrx_word' id='word_1_3' title='bbox 508 391 588 452; x_wconf 87' lang='lat' dir='ltr'>adde</span> <span class='ocrx_word' id='word_1_4' title='bbox 610 393 693 472; x_wconf 89' lang='lat' dir='ltr'>quod</span> <span class='ocrx_word' id='word_1_5' title='bbox 714 393 812 473; x_wconf 88' lang='lat' dir='ltr'>pubes</span> <span class='ocrx_word' id='word_1_6' title='bbox 834 392 891 454; x_wconf 88' lang='lat' dir='ltr'>tibi</span> <span class='ocrx_word' id='word_1_7' title='bbox 913 393 1024 456; x_wconf 87' lang='lat' dir='ltr'>crescit</span> <span class='ocrx_word' id='word_1_8' title='bbox 1047 395 1157 470; x_wconf 89' lang='lat' dir='ltr'>omnis,</span> 
     </span>
    </p>

    <p class='ocr_par' dir='ltr' id='par_1_3' title="bbox 508 479 1108 563">
     <span class='ocr_line' id='line_1_3' title="bbox 508 479 1108 563; baseline 0.01 -24"><span class='ocrx_word' id='word_1_9' title='bbox 508 479 642 541; x_wconf 81' lang='lat' dir='ltr'>servitus</span> <span class='ocrx_word' id='word_1_10' title='bbox 665 481 777 542; x_wconf 86' lang='lat' dir='ltr'>erescit</span> <span class='ocrx_word' id='word_1_11' title='bbox 798 500 888 555; x_wconf 85' lang='lat' dir='ltr'>nova,</span> <span class='ocrx_word' id='word_1_12' title='bbox 910 501 968 543; x_wconf 89' lang='lat' dir='ltr'>nee</span> <span class='ocrx_word' id='word_1_13' title='bbox 990 484 1108 563; x_wconf 83' lang='lat' dir='ltr'><strong>priores</strong></span> 
     </span>
    </p>

    <p class='ocr_par' dir='ltr' id='par_1_4' title="bbox 509 567 1119 739">
     <span class='ocr_line' id='line_1_4' title="bbox 509 567 1119 652; baseline 0.01 -24"><span class='ocrx_word' id='word_1_14' title='bbox 509 567 608 650; x_wconf 79' lang='lat' dir='ltr'>inpiae</span> <span class='ocrx_word' id='word_1_15' title='bbox 632 573 746 631; x_wconf 87' lang='lat' dir='ltr'>tectum</span> <span class='ocrx_word' id='word_1_16' title='bbox 770 570 911 631; x_wconf 90' lang='lat' dir='ltr'>dominae</span> <span class='ocrx_word' id='word_1_17' title='bbox 933 571 1119 652; x_wconf 89' lang='lat' dir='ltr'>relinquunt,</span> 
     </span>
     <span class='ocr_line' id='line_1_5' title="bbox 597 657 827 739; baseline -0.009 -20"><span class='ocrx_word' id='word_1_18' title='bbox 597 676 689 739; x_wconf 85' lang='lat' dir='ltr'>saepe</span> <span class='ocrx_word' id='word_1_19' title='bbox 713 657 827 718; x_wconf 89' lang='lat' dir='ltr'>minati.</span> 
     </span>
    </p>
   </div>
   <div class='ocr_carea' id='block_1_3' title="bbox 507 796 1099 1125">
    <p class='ocr_par' dir='ltr' id='par_1_5' title="bbox 508 796 1096 875">
     <span class='ocr_line' id='line_1_6' title="bbox 508 796 1096 875; baseline 0.005 -18"><span class='ocrx_word' id='word_1_20' title='bbox 508 802 539 857; x_wconf 92' lang='lat' dir='ltr'>te</span> <span class='ocrx_word' id='word_1_21' title='bbox 562 796 626 857; x_wconf 88' lang='lat' dir='ltr'>suis</span> <span class='ocrx_word' id='word_1_22' title='bbox 648 803 762 859; x_wconf 88' lang='lat' dir='ltr'>matres</span> <span class='ocrx_word' id='word_1_23' title='bbox 787 802 928 858; x_wconf 89' lang='lat' dir='ltr'>metuunt</span> <span class='ocrx_word' id='word_1_24' title='bbox 949 797 1096 875; x_wconf 87' lang='lat' dir='ltr'>iuvencis,</span> 
     </span>
    </p>

    <p class='ocr_par' dir='ltr' id='par_1_6' title="bbox 507 886 1099 969">
     <span class='ocr_line' id='line_1_7' title="bbox 507 886 1099 969; baseline 0.002 -23"><span class='ocrx_word' id='word_1_25' title='bbox 507 890 540 946; x_wconf 90' lang='lat' dir='ltr'>te</span> <span class='ocrx_word' id='word_1_26' title='bbox 563 905 653 947; x_wconf 91' lang='lat' dir='ltr'>senes</span> <span class='ocrx_word' id='word_1_27' title='bbox 677 886 761 967; x_wconf 86' lang='lat' dir='ltr'>parci</span> <span class='ocrx_word' id='word_1_28' title='bbox 786 887 976 966; x_wconf 73' lang='lat' dir='ltr'>miseraeque</span> <span class='ocrx_word' id='word_1_29' title='bbox 1000 906 1099 969; x_wconf 82' lang='lat' dir='ltr'>nuper</span> 
     </span>
    </p>

    <p class='ocr_par' dir='ltr' id='par_1_7' title="bbox 508 973 1090 1125">
     <span class='ocr_line' id='line_1_8' title="bbox 508 973 1090 1055; baseline 0.005 -22"><span class='ocrx_word' id='word_1_30' title='bbox 508 973 644 1053; x_wconf 89' lang='lat' dir='ltr'>virgines</span> <span class='ocrx_word' id='word_1_31' title='bbox 667 980 791 1055; x_wconf 84' lang='lat' dir='ltr'>nuptae,</span> <span class='ocrx_word' id='word_1_32' title='bbox 815 982 869 1035; x_wconf 87' lang='lat' dir='ltr'>tua</span> <span class='ocrx_word' id='word_1_33' title='bbox 891 994 930 1034; x_wconf 95' lang='lat' dir='ltr'>ne</span> <span class='ocrx_word' id='word_1_34' title='bbox 953 978 1090 1036; x_wconf 84' lang='lat' dir='ltr'>retardet</span> 
     </span>
     <span class='ocr_line' id='line_1_9' title="bbox 596 1063 856 1125; baseline -0.004 0"><span class='ocrx_word' id='word_1_35' title='bbox 596 1080 671 1125; x_wconf 83' lang='lat' dir='ltr'>aura</span> <span class='ocrx_word' id='word_1_36' title='bbox 693 1063 827 1124; x_wconf 87' lang='lat' dir='ltr'>maritos.</span> <span class='ocrx_word' id='word_1_37' title='bbox 850 1078 856 1090; x_wconf 70' lang='lat'><strong>⁴</strong></span> 
     </span>
    </p>
   </div>
   <div class='ocr_carea' id='block_1_4' title="bbox 789 1260 851 1332">
    <p class='ocr_par' dir='ltr' id='par_1_8' title="bbox 789 1260 851 1332">
     <span class='ocr_line' id='line_1_10' title="bbox 789 1260 851 1332; baseline 0.032 -2"><span class='ocrx_word' id='word_1_38' title='bbox 789 1260 851 1332; x_wconf 88' lang='lat' dir='ltr'>IX.</span> 
     </span>
    </p>
   </div>
   <div class='ocr_carea' id='block_1_5' title="bbox 508 1394 1173 1745">
    <p class='ocr_par' dir='ltr' id='par_1_9' title="bbox 508 1394 1173 1745">
     <span class='ocr_line' id='line_1_11' title="bbox 509 1394 1173 1479; baseline 0.005 -24"><span class='ocrx_word' id='word_1_39' title='bbox 509 1394 577 1456; x_wconf 86' lang='lat' dir='ltr'>Non</span> <span class='ocrx_word' id='word_1_40' title='bbox 601 1416 722 1477; x_wconf 81' lang='lat' dir='ltr'>semper</span> <span class='ocrx_word' id='word_1_41' title='bbox 744 1396 857 1458; x_wconf 89' lang='lat' dir='ltr'>imbres</span> <span class='ocrx_word' id='word_1_42' title='bbox 879 1398 1011 1458; x_wconf 89' lang='lat' dir='ltr'>nubibus</span> <span class='ocrx_word' id='word_1_43' title='bbox 1033 1397 1173 1479; x_wconf 86' lang='lat' dir='ltr'>hispidos</span> 
     </span>
     <span class='ocr_line' id='line_1_12' title="bbox 508 1484 1150 1568; baseline 0.006 -24"><span class='ocrx_word' id='word_1_44' title='bbox 508 1489 631 1545; x_wconf 88' lang='lat' dir='ltr'>manant</span> <span class='ocrx_word' id='word_1_45' title='bbox 653 1488 683 1546; x_wconf 91' lang='lat' dir='ltr'>in</span> <span class='ocrx_word' id='word_1_46' title='bbox 707 1504 799 1565; x_wconf 87' lang='lat' dir='ltr'>agros</span> <span class='ocrx_word' id='word_1_47' title='bbox 822 1495 876 1547; x_wconf 89' lang='lat' dir='ltr'>aut</span> <span class='ocrx_word' id='word_1_48' title='bbox 897 1505 982 1547; x_wconf 90' lang='lat' dir='ltr'>mare</span> <span class='ocrx_word' id='word_1_49' title='bbox 1006 1484 1150 1568; x_wconf 75' lang='lat' dir='ltr'>Caspium</span> 
     </span>
     <span class='ocr_line' id='line_1_13' title="bbox 553 1574 1046 1654; baseline 0 -20"><span class='ocrx_word' id='word_1_50' title='bbox 553 1578 670 1634; x_wconf 85' lang='lat' dir='ltr'>vexant</span> <span class='ocrx_word' id='word_1_51' title='bbox 692 1574 871 1654; x_wconf 78' lang='lat' dir='ltr'>inaequales</span> <span class='ocrx_word' id='word_1_52' title='bbox 893 1575 1046 1654; x_wconf 84' lang='lat' dir='ltr'>procellae</span> 
     </span>
     <span class='ocr_line' id='line_1_14' title="bbox 591 1663 1106 1745; baseline 0.004 -24"><span class='ocrx_word' id='word_1_53' title='bbox 591 1681 702 1745; x_wconf 90' lang='lat' dir='ltr'>usque,</span> <span class='ocrx_word' id='word_1_54' title='bbox 725 1683 783 1723; x_wconf 90' lang='lat' dir='ltr'>nec</span> <span class='ocrx_word' id='word_1_55' title='bbox 808 1663 959 1722; x_wconf 82' lang='lat' dir='ltr'>Armeniis</span> <span class='ocrx_word' id='word_1_56' title='bbox 983 1663 1013 1723; x_wconf 92' lang='lat' dir='ltr'>in</span> <span class='ocrx_word' id='word_1_57' title='bbox 1036 1663 1106 1739; x_wconf 89' lang='lat' dir='ltr'>oris,</span> 
     </span>
    </p>
   </div>
   <div class='ocr_carea' id='block_1_6' title="bbox 507 1801 1121 2128">
    <p class='ocr_par' dir='ltr' id='par_1_10' title="bbox 507 1801 1121 2128">
     <span class='ocr_line' id='line_1_15' title="bbox 509 1801 1060 1881; baseline 0.004 -20"><span class='ocrx_word' id='word_1_58' title='bbox 509 1801 604 1862; x_wconf 89' lang='lat' dir='ltr'>amice</span> <span class='ocrx_word' id='word_1_59' title='bbox 629 1801 730 1881; x_wconf 84' lang='lat' dir='ltr'>Valgi,</span> <span class='ocrx_word' id='word_1_60' title='bbox 754 1807 817 1862; x_wconf 85' lang='lat' dir='ltr'>stat</span> <span class='ocrx_word' id='word_1_61' title='bbox 838 1801 953 1881; x_wconf 81' lang='lat' dir='ltr'>glacies</span> <span class='ocrx_word' id='word_1_62' title='bbox 976 1802 1060 1863; x_wconf 87' lang='lat' dir='ltr'>iners</span> 
     </span>
     <span class='ocr_line' id='line_1_16' title="bbox 507 1891 1121 1970; baseline 0.003 -20"><span class='ocrx_word' id='word_1_63' title='bbox 507 1899 623 1950; x_wconf 68' lang='lat' dir='ltr'>mensis</span> <span class='ocrx_word' id='word_1_64' title='bbox 645 1910 701 1970; x_wconf 91' lang='lat' dir='ltr'>per</span> <span class='ocrx_word' id='word_1_65' title='bbox 724 1898 822 1950; x_wconf 70' lang='lat' dir='ltr'>omnis</span> <span class='ocrx_word' id='word_1_66' title='bbox 845 1899 897 1950; x_wconf 88' lang='lat' dir='ltr'>aut</span> <span class='ocrx_word' id='word_1_67' title='bbox 921 1891 1121 1970; x_wconf 80' lang='lat' dir='ltr'>Aquilonibus</span> 
     </span>
     <span class='ocr_line' id='line_1_17' title="bbox 552 1976 1023 2059; baseline 0 -20"><span class='ocrx_word' id='word_1_68' title='bbox 552 1983 699 2059; x_wconf 87' lang='lat' dir='ltr'>querceta</span> <span class='ocrx_word' id='word_1_69' title='bbox 723 1976 860 2057; x_wconf 89' lang='lat' dir='ltr'>Gargani</span> <span class='ocrx_word' id='word_1_70' title='bbox 883 1978 1023 2039; x_wconf 87' lang='lat' dir='ltr'>laborant</span> 
     </span>
     <span class='ocr_line' id='line_1_18' title="bbox 597 2067 1016 2128; baseline 0 0"><span class='ocrx_word' id='word_1_71' title='bbox 597 2071 628 2128; x_wconf 92' lang='lat' dir='ltr'>et</span> <span class='ocrx_word' id='word_1_72' title='bbox 651 2067 730 2127; x_wconf 88' lang='lat' dir='ltr'>foliis</span> <span class='ocrx_word' id='word_1_73' title='bbox 753 2067 919 2127; x_wconf 84' lang='lat' dir='ltr'>viduantur</span> <span class='ocrx_word' id='word_1_74' title='bbox 943 2067 1016 2128; x_wconf 91' lang='lat' dir='ltr'>orni.</span> 
     </span>
    </p>
   </div>
   <div class='ocr_carea' id='block_1_7' title="bbox 508 2208 1165 2378">
    <p class='ocr_par' dir='ltr' id='par_1_11' title="bbox 508 2208 1165 2378">
     <span class='ocr_line' id='line_1_19' title="bbox 508 2208 1120 2289; baseline 0.002 -22"><span class='ocrx_word' id='word_1_75' title='bbox 508 2213 543 2268; x_wconf 87' lang='lat' dir='ltr'>tu</span> <span class='ocrx_word' id='word_1_76' title='bbox 565 2227 687 2289; x_wconf 85' lang='lat' dir='ltr'>semper</span> <span class='ocrx_word' id='word_1_77' title='bbox 708 2228 824 2288; x_wconf 87' lang='lat' dir='ltr'>urgues</span> <span class='ocrx_word' id='word_1_78' title='bbox 846 2208 1000 2269; x_wconf 84' lang='lat' dir='ltr'>flebilibus</span> <span class='ocrx_word' id='word_1_79' title='bbox 1022 2208 1120 2270; x_wconf 89' lang='lat' dir='ltr'>modis</span> 
     </span>
     <span class='ocr_line' id='line_1_20' title="bbox 508 2296 1165 2378; baseline 0.005 -23"><span class='ocrx_word' id='word_1_80' title='bbox 508 2296 632 2377; x_wconf 80' lang='lat' dir='ltr'>Mysten</span> <span class='ocrx_word' id='word_1_81' title='bbox 656 2296 843 2378; x_wconf 87' lang='lat' dir='ltr'>ademptum,</span> <span class='ocrx_word' id='word_1_82' title='bbox 866 2316 923 2358; x_wconf 92' lang='lat' dir='ltr'>neo</span> <span class='ocrx_word' id='word_1_83' title='bbox 946 2297 1001 2357; x_wconf 89' lang='lat' dir='ltr'>tibi</span> <span class='ocrx_word' id='word_1_84' title='bbox 1024 2296 1165 2378; x_wconf 85' lang='lat' dir='ltr'>Vespero</span> 
     </span>
    </p>
   </div>
   <div class='ocr_carea' id='block_1_8' title="bbox 552 2387 1104 2553">
    <p class='ocr_par' dir='ltr' id='par_1_12' title="bbox 552 2387 1104 2553">
     <span class='ocr_line' id='line_1_21' title="bbox 552 2387 1019 2463; baseline 0 -19"><span class='ocrx_word' id='word_1_85' title='bbox 552 2389 700 2463; x_wconf 81' lang='lat' dir='ltr'>surgente</span> <span class='ocrx_word' id='word_1_86' title='bbox 724 2387 877 2446; x_wconf 82' lang='lat' dir='ltr'>decedunt</span> <span class='ocrx_word' id='word_1_87' title='bbox 900 2404 1019 2447; x_wconf 89' lang='lat' dir='ltr'>amores</span> 
     </span>
     <span class='ocr_line' id='line_1_22' title="bbox 596 2474 1104 2553; baseline 0.006 -21"><span class='ocrx_word' id='word_1_88' title='bbox 596 2492 653 2533; x_wconf 90' lang='lat' dir='ltr'>nec</span> <span class='ocrx_word' id='word_1_89' title='bbox 675 2474 815 2553; x_wconf 90' lang='lat' dir='ltr'>rapidum</span> <span class='ocrx_word' id='word_1_90' title='bbox 839 2475 977 2553; x_wconf 85' lang='lat' dir='ltr'>fugiente</span> <span class='ocrx_word' id='word_1_91' title='bbox 1001 2474 1104 2535; x_wconf 91' lang='lat' dir='ltr'>solem.</span> 
     </span>
    </p>
   </div>
   <div class='ocr_carea' id='block_1_9' title="bbox 507 2616 1118 2961">
    <p class='ocr_par' dir='ltr' id='par_1_13' title="bbox 508 2616 1118 2677">
     <span class='ocr_line' id='line_1_23' title="bbox 508 2616 1118 2677; baseline 0.003 -3"><span class='ocrx_word' id='word_1_92' title='bbox 508 2618 540 2675; x_wconf 92' lang='lat' dir='ltr'>at</span> <span class='ocrx_word' id='word_1_93' title='bbox 561 2634 619 2675; x_wconf 92' lang='lat' dir='ltr'>non</span> <span class='ocrx_word' id='word_1_94' title='bbox 644 2623 692 2675; x_wconf 91' lang='lat' dir='ltr'>ter</span> <span class='ocrx_word' id='word_1_95' title='bbox 713 2634 789 2676; x_wconf 89' lang='lat' dir='ltr'>aevo</span> <span class='ocrx_word' id='word_1_96' title='bbox 813 2616 935 2677; x_wconf 81' lang='lat' dir='ltr'>functus</span> <span class='ocrx_word' id='word_1_97' title='bbox 958 2617 1118 2677; x_wconf 88' lang='lat' dir='ltr'>amabilem</span> 
     </span>
    </p>

    <p class='ocr_par' dir='ltr' id='par_1_14' title="bbox 507 2703 1099 2874">
     <span class='ocr_line' id='line_1_24' title="bbox 507 2703 1099 2783; baseline 0.003 -21"><span class='ocrx_word' id='word_1_98' title='bbox 507 2703 639 2783; x_wconf 88' lang='lat' dir='ltr'>ploravit</span> <span class='ocrx_word' id='word_1_99' title='bbox 661 2711 759 2764; x_wconf 66' lang='lat' dir='ltr'>omnis</span> <span class='ocrx_word' id='word_1_100' title='bbox 784 2704 978 2766; x_wconf 86' lang='lat' dir='ltr'>Antilochum</span> <span class='ocrx_word' id='word_1_101' title='bbox 1002 2724 1099 2765; x_wconf 88' lang='lat' dir='ltr'>senex</span> 
     </span>
     <span class='ocr_line' id='line_1_25' title="bbox 552 2793 1068 2874; baseline 0.002 -22"><span class='ocrx_word' id='word_1_102' title='bbox 552 2810 656 2867; x_wconf 89' lang='lat' dir='ltr'>annos,</span> <span class='ocrx_word' id='word_1_103' title='bbox 679 2811 736 2853; x_wconf 88' lang='lat' dir='ltr'>neo</span> <span class='ocrx_word' id='word_1_104' title='bbox 760 2793 902 2874; x_wconf 90' lang='lat' dir='ltr'>inpubem</span> <span class='ocrx_word' id='word_1_105' title='bbox 925 2804 1068 2873; x_wconf 91' lang='lat' dir='ltr'>parentes</span> 
     </span>
    </p>

    <p class='ocr_par' dir='ltr' id='par_1_15' title="bbox 596 2879 1118 2961">
     <span class='ocr_line' id='line_1_26' title="bbox 596 2879 1118 2961; baseline 0 -21"><span class='ocrx_word' id='word_1_106' title='bbox 596 2879 718 2940; x_wconf 74' lang='lat' dir='ltr'>Troilon</span> <span class='ocrx_word' id='word_1_107' title='bbox 743 2892 796 2941; x_wconf 88' lang='lat' dir='ltr'>aut</span> <span class='ocrx_word' id='word_1_108' title='bbox 818 2880 974 2961; x_wconf 85' lang='lat' dir='ltr'>Phrygiae</span> <span class='ocrx_word' id='word_1_109' title='bbox 998 2900 1118 2942; x_wconf 89' lang='lat' dir='ltr'>sorores</span> 
     </span>
    </p>
   </div>
   <div class='ocr_carea' id='block_1_10' title="bbox 507 3021 1146 3367">
    <p class='ocr_par' dir='ltr' id='par_1_16' title="bbox 507 3021 1146 3367">
     <span class='ocr_line' id='line_1_27' title="bbox 507 3021 1060 3102; baseline 0.002 -21"><span class='ocrx_word' id='word_1_110' title='bbox 507 3021 622 3082; x_wconf 85' lang='lat' dir='ltr'>flevere</span> <span class='ocrx_word' id='word_1_111' title='bbox 645 3040 774 3102; x_wconf 88' lang='lat' dir='ltr'>semper.</span> <span class='ocrx_word' id='word_1_112' title='bbox 799 3022 903 3081; x_wconf 89' lang='lat' dir='ltr'>desine</span> <span class='ocrx_word' id='word_1_113' title='bbox 927 3022 1060 3082; x_wconf 91' lang='lat' dir='ltr'>mollium</span> 
     </span>
     <span class='ocr_line' id='line_1_28' title="bbox 507 3110 1146 3191; baseline 0.003 -22"><span class='ocrx_word' id='word_1_114' title='bbox 507 3111 629 3170; x_wconf 89' lang='lat' dir='ltr'>tandem</span> <span class='ocrx_word' id='word_1_115' title='bbox 653 3110 865 3189; x_wconf 88' lang='lat' dir='ltr'>querellarum,</span> <span class='ocrx_word' id='word_1_116' title='bbox 888 3117 920 3170; x_wconf 89' lang='lat' dir='ltr'>et</span> <span class='ocrx_word' id='word_1_117' title='bbox 942 3111 1040 3191; x_wconf 87' lang='lat' dir='ltr'>potius</span> <span class='ocrx_word' id='word_1_118' title='bbox 1064 3129 1146 3172; x_wconf 89' lang='lat' dir='ltr'>nova</span> 
     </span>
     <span class='ocr_line' id='line_1_29' title="bbox 552 3198 1016 3279; baseline -0.004 -19"><span class='ocrx_word' id='word_1_119' title='bbox 552 3210 710 3260; x_wconf 89' lang='lat' dir='ltr'>cantemus</span> <span class='ocrx_word' id='word_1_120' title='bbox 734 3198 867 3276; x_wconf 83' lang='lat' dir='ltr'>Augusti</span> <span class='ocrx_word' id='word_1_121' title='bbox 890 3204 1016 3279; x_wconf 89' lang='lat' dir='ltr'>tropaea</span> 
     </span>
     <span class='ocr_line' id='line_1_30' title="bbox 596 3284 1132 3367; baseline -0.004 -18"><span class='ocrx_word' id='word_1_122' title='bbox 596 3284 735 3349; x_wconf 77' lang='lat' dir='ltr'>Caesaris</span> <span class='ocrx_word' id='word_1_123' title='bbox 759 3291 792 3345; x_wconf 87' lang='lat' dir='ltr'>et</span> <span class='ocrx_word' id='word_1_124' title='bbox 814 3285 946 3364; x_wconf 87' lang='lat' dir='ltr'>rigidum</span> <span class='ocrx_word' id='word_1_125' title='bbox 969 3285 1132 3367; x_wconf 84' lang='lat' dir='ltr'>Niphaten,</span> 
     </span>
    </p>
   </div>
   <div class='ocr_carea' id='block_1_11' title="bbox 507 3427 1156 3773">
    <p class='ocr_par' dir='ltr' id='par_1_17' title="bbox 507 3427 1156 3773">
     <span class='ocr_line' id='line_1_31' title="bbox 507 3427 1156 3507; baseline 0 -19"><span class='ocrx_word' id='word_1_126' title='bbox 507 3427 693 3507; x_wconf 84' lang='lat' dir='ltr'>Medumque</span> <span class='ocrx_word' id='word_1_127' title='bbox 716 3427 829 3488; x_wconf 90' lang='lat' dir='ltr'>flumen</span> <span class='ocrx_word' id='word_1_128' title='bbox 852 3427 994 3505; x_wconf 86' lang='lat' dir='ltr'>gentibus</span> <span class='ocrx_word' id='word_1_129' title='bbox 1018 3427 1156 3488; x_wconf 91' lang='lat' dir='ltr'>additum</span> 
     </span>
     <span class='ocr_line' id='line_1_32' title="bbox 507 3514 1067 3590; baseline -0.005 -14"><span class='ocrx_word' id='word_1_130' title='bbox 507 3515 597 3577; x_wconf 89' lang='lat' dir='ltr'>victis</span> <span class='ocrx_word' id='word_1_131' title='bbox 620 3516 753 3577; x_wconf 88' lang='lat' dir='ltr'>minores</span> <span class='ocrx_word' id='word_1_132' title='bbox 778 3514 902 3576; x_wconf 83' lang='lat' dir='ltr'>volvere</span> <span class='ocrx_word' id='word_1_133' title='bbox 926 3515 1067 3590; x_wconf 88' lang='lat' dir='ltr'>vertices,</span> 
     </span>
     <span class='ocr_line' id='line_1_33' title="bbox 551 3601 1096 3684; baseline -0.002 -21"><span class='ocrx_word' id='word_1_134' title='bbox 551 3603 692 3683; x_wconf 88' lang='lat' dir='ltr'>intraque</span> <span class='ocrx_word' id='word_1_135' title='bbox 715 3604 936 3684; x_wconf 87' lang='lat' dir='ltr'>praescriptum</span> <span class='ocrx_word' id='word_1_136' title='bbox 961 3601 1096 3665; x_wconf 87' lang='lat' dir='ltr'>Gelonos</span> 
     </span>
     <span class='ocr_line' id='line_1_34' title="bbox 595 3692 1026 3773; baseline 0 -20"><span class='ocrx_word' id='word_1_137' title='bbox 595 3693 716 3771; x_wconf 87' lang='lat' dir='ltr'>exiguis</span> <span class='ocrx_word' id='word_1_138' title='bbox 740 3692 879 3772; x_wconf 87' lang='lat' dir='ltr'>equitare</span> <span class='ocrx_word' id='word_1_139' title='bbox 903 3692 1026 3773; x_wconf 86' lang='lat' dir='ltr'>campis.</span> 
     </span>
    </p>
   </div>
   <div class='ocr_carea' id='block_1_12' title="bbox 799 3908 841 3978">
    <p class='ocr_par' dir='ltr' id='par_1_18' title="bbox 799 3908 841 3978">
     <span class='ocr_line' id='line_1_35' title="bbox 799 3908 841 3978; baseline -0.024 0"><span class='ocrx_word' id='word_1_140' title='bbox 799 3908 841 3978; x_wconf 90' lang='lat' dir='ltr'>X.</span> 
     </span>
    </p>
   </div>
   <div class='ocr_carea' id='block_1_13' title="bbox 480 4044 1187 4390">
    <p class='ocr_par' dir='ltr' id='par_1_19' title="bbox 480 4044 1099 4125">
     <span class='ocr_line' id='line_1_36' title="bbox 480 4044 1099 4125; baseline 0.002 -21"><span class='ocrx_word' id='word_1_141' title='bbox 480 4045 606 4106; x_wconf 84' lang='lat' dir='ltr'>Rectius</span> <span class='ocrx_word' id='word_1_142' title='bbox 629 4045 726 4118; x_wconf 84' lang='lat' dir='ltr'>rives,</span> <span class='ocrx_word' id='word_1_143' title='bbox 749 4044 856 4119; x_wconf 84' lang='lat' dir='ltr'>Licini,</span> <span class='ocrx_word' id='word_1_144' title='bbox 880 4064 979 4125; x_wconf 88' lang='lat' dir='ltr'>neque</span> <span class='ocrx_word' id='word_1_145' title='bbox 1003 4045 1099 4105; x_wconf 88' lang='lat' dir='ltr'>altum</span> 
     </span>
    </p>

    <p class='ocr_par' dir='ltr' id='par_1_20' title="bbox 481 4132 1187 4215">
     <span class='ocr_line' id='line_1_37' title="bbox 481 4132 1187 4215; baseline 0 -21"><span class='ocrx_word' id='word_1_146' title='bbox 481 4153 601 4215; x_wconf 89' lang='lat' dir='ltr'>semper</span> <span class='ocrx_word' id='word_1_147' title='bbox 623 4134 783 4213; x_wconf 90' lang='lat' dir='ltr'>urguendo</span> <span class='ocrx_word' id='word_1_148' title='bbox 807 4154 915 4213; x_wconf 89' lang='lat' dir='ltr'>neque,</span> <span class='ocrx_word' id='word_1_149' title='bbox 939 4134 1010 4194; x_wconf 92' lang='lat' dir='ltr'>dum</span> <span class='ocrx_word' id='word_1_150' title='bbox 1034 4132 1187 4214; x_wconf 88' lang='lat' dir='ltr'>procellas</span> 
     </span>
    </p>

    <p class='ocr_par' dir='ltr' id='par_1_21' title="bbox 481 4222 1106 4390">
     <span class='ocr_line' id='line_1_38' title="bbox 481 4222 1106 4303; baseline -0.002 -20"><span class='ocrx_word' id='word_1_151' title='bbox 481 4228 587 4283; x_wconf 86' lang='lat' dir='ltr'>cautus</span> <span class='ocrx_word' id='word_1_152' title='bbox 609 4222 770 4297; x_wconf 88' lang='lat' dir='ltr'>horrescis,</span> <span class='ocrx_word' id='word_1_153' title='bbox 792 4223 917 4283; x_wconf 90' lang='lat' dir='ltr'>nimium</span> <span class='ocrx_word' id='word_1_154' title='bbox 940 4223 1106 4303; x_wconf 89' lang='lat' dir='ltr'>premendo</span> 
     </span>
     <span class='ocr_line' id='line_1_39' title="bbox 568 4309 807 4390; baseline 0.008 -20"><span class='ocrx_word' id='word_1_155' title='bbox 568 4309 640 4370; x_wconf 87' lang='lat' dir='ltr'>litus</span> <span class='ocrx_word' id='word_1_156' title='bbox 662 4310 807 4390; x_wconf 91' lang='lat' dir='ltr'>iniquum.</span> 
     </span>
    </p>
   </div>
   <div class='ocr_carea' id='block_1_14' title="bbox 0 0 1534 4850">
    <p class='ocr_par' dir='ltr' id='par_1_22' title="bbox 0 0 1534 4850">
     <span class='ocr_line' id='line_1_40' title="bbox 0 0 1534 4850; baseline 0 0"><span class='ocrx_word' id='word_1_157' title='bbox 0 0 1534 4850; x_wconf 95' lang='lat' dir='ltr'> </span> 
     </span>
    </p>
   </div>
  </div>
 </body>
</html>
