3059 4850
1247 261 1354 306 Lib.
1385 261 1446 307 Π.
1489 265 1510 298 1
1517 265 1639 299 -11.

761 406 896 486 quis
941 425 1061 467 non
1105 405 1322 467 Latino
1369 407 1670 486 sanguine
1716 407 1999 488 pinguior

760 514 1008 574 campus
1055 494 1397 575 sepulchris
1443 496 1611 576 inpia
1655 497 1887 577 proelia

848 586 1106 642 testatur
1151 583 1549 664 auditumque
1595 583 1801 644 Medis

937 670 1277 750 Hesperiae
1326 673 1588 732 sonitum
1634 671 1873 732 ruinae!

760 811 864 891 qui
909 827 1138 890 gurges
1185 816 1290 873 aut
1336 832 1494 892 quae
1541 812 1790 872 flumina
1836 812 2117 893 lugubris

758 900 975 979 ignara
1015 899 1188 960 belli!
1237 902 1399 980 quod
1445 920 1614 961 mare
1661 901 1936 961 Dauniae

846 1007 964 1048 non
1011 989 1443 1049 decoloravere
1492 989 1743 1051 caedes!

934 1095 1088 1156 quae
1135 1090 1304 1136 caret
1349 1096 1456 1138 ora
1500 1097 1717 1138 cruore
1764 1081 2001 1138 nostro!

759 1218 871 1277 sed
915 1237 993 1278 ne
1038 1218 1289 1293 relictis,
1335 1217 1531 1294 Musa,
1581 1237 1812 1299 procax
1857 1217 2005 1278 iocis

760 1302 921 1366 Ceae
968 1314 1268 1366 retractes
1315 1326 1568 1368 munera
1612 1307 1849 1380 neniae,

844 1412 1079 1454 mecum
1130 1393 1398 1455 Dionaeo
1446 1396 1559 1454 sub
1607 1406 1783 1455 antro

933 1502 1158 1562 quaere
1205 1483 1416 1542 modos
1464 1482 1696 1543 leviore
1742 1483 1997 1563 plectro.

1399 1856 1490 1927 ΙΙ.

816 2025 1038 2087 Nullus
1085 2033 1338 2107 argento
1387 2029 1551 2090 color
1596 2034 1693 2089 est
1738 2028 1940 2089 avaris

815 2115 1019 2176 abdito
1065 2117 1266 2191 terris,
1315 2117 1554 2177 inimice
1600 2117 1837 2177 lamnae

815 2201 1026 2284 Crispe
1075 2202 1347 2279 Sallusti,
1396 2205 1512 2265 nisi
1562 2209 1901 2286 temperato

987 2292 1308 2373 splendeat
1353 2313 1484 2354 usu.

807 2434 978 2494 vivet
1024 2439 1273 2496 extento
1319 2435 1674 2497 Proculeius
1722 2454 1894 2510 aevo,

807 2528 986 2583 notus
1033 2524 1091 2583 in
1141 2524 1364 2583 fratres
1411 2524 1591 2584 animi
1639 2524 1912 2604 paterni3

805 2611 976 2671 illum
1023 2616 1169 2690 aget
1213 2631 1413 2691 penna
1459 2617 1768 2673 metuente
1815 2612 1970 2671 solvi

979 2700 1140 2761 fama
1183 2704 1513 2781 superstes,

807 2839 989 2901 latius
1036 2860 1263 2919 regnes
1309 2842 1556 2902 avidum
1604 2841 1905 2901 domando

808 2928 1101 3009 spiritum,
1147 2948 1328 3008 quam
1373 2930 1424 2989 si
1470 2929 1731 3011 Libyam
1780 2929 2027 2991 remotis

809 3014 1085 3078 Gadibus
1129 3017 1350 3096 iungas
1398 3025 1461 3079 et
1505 3023 1764 3097 uterque
1810 3017 2053 3078 Poenus

983 3106 1215 3166 serviat
1257 3105 1380 3166 uni.

807 3247 1026 3307 crescit
1070 3245 1399 3326 indulgens
1445 3247 1563 3308 sibi
1612 3248 1783 3309 dirus
1830 3248 2107 3329 hydrops

808 3354 920 3395 nec
967 3335 1129 3395 sitim
1176 3335 1366 3415 pellit,
1413 3336 1532 3396 nisi
1582 3355 1767 3397 causa
1811 3337 2004 3397 morbi

808 3422 1038 3501 fugerit
1080 3425 1254 3484 venis
1301 3432 1364 3485 et
1409 3443 1674 3504 aquosus
1720 3426 1856 3486 albo

982 3529 1233 3592 corpore
1278 3512 1553 3592 languor.

806 3652 1112 3713 redditum
1162 3651 1309 3732 Cyri
1356 3654 1503 3713 solio
1552 3653 1903 3714 Phrahaten

807 3741 1114 3802 dissidens
1158 3742 1323 3822 plebi
1371 3761 1625 3801 numero
1672 3744 1987 3802 beatorum

807 3829 1021 3890 eximit
1064 3830 1263 3890 virtus
1309 3831 1721 3910 populumque
1771 3830 1939 3889 falsis

985 3918 1244 3978 dedocet
1287 3917 1375 3978 uti

806 4058 1076 4131 vocibus,
1123 4077 1383 4138 regnum
1432 4064 1496 4119 et
1543 4058 1827 4119 diadema
1872 4064 2071 4119 tutum

809 4148 1094 4207 deferens
1141 4147 1246 4207 uni
1293 4148 1722 4227 propriamque
1770 4146 2025 4221 laurum,

808 4235 1082 4314 quisquis
1128 4235 1401 4313 ingentis
1450 4235 1622 4296 oculo
1670 4236 1963 4295 inretorto

988 4329 1227 4404 spectat
1270 4342 1544 4385 acervos.

2471 233 2552 294 27

2556 1090 2624 1134 5⁴5

2560 1494 2624 1542 4ss

2560 3119 2620 3163 12

2556 3519 2620 3567 lt}
