3059 4850
580 276 640 320 ΗΒ,
655 276 698 322 ΙΙΙ,
712 280 849 316 xw-xlx.

375 427 500 483 auctore
524 423 561 484 ab
585 422 637 483 illo
661 423 748 483 ducis
772 424 932 503 originem,

376 511 427 591 qui
451 510 640 572 Formiarum
663 511 782 572 moenia
805 513 917 573 dicitur

420 599 561 680 princeps
585 603 617 659 et
641 599 796 660 innantem
820 601 955 663 Maricae

463 687 603 773 iitoribus
627 688 762 750 tenuisse
786 688 880 749 Lirim

376 828 438 889 late
461 829 634 910 tyrannus),
660 847 728 889 oras
753 829 832 890 foliis
854 849 963 891 nemus

375 915 480 977 multis
504 920 536 977 et
558 918 629 996 alge
651 917 724 976 litus
749 917 850 978 inutili

423 1004 556 1065 demissa
580 1013 744 1086 tempestas
769 1007 806 1066 ab
830 1005 913 1067 Euro

463 1098 591 1169 sternet,
615 1112 711 1173 aquae
733 1094 792 1154 nisi
816 1093 895 1154 fallit
917 1112 1025 1173 augur,

374 1252 490 1294 annosa
512 1234 631 1295 cornix:
657 1235 728 1294 dum
752 1241 849 1315 potes,
873 1235 992 1295 aridum

374 1341 510 1403 conpone
533 1321 664 1402 lignum!
688 1342 756 1384 cras
781 1320 913 1384 Genium
936 1343 1019 1385 mero

419 1411 539 1472 curabis
562 1415 593 1471 et
615 1430 706 1492 porco
731 1412 888 1472 bimenstri

463 1518 530 1559 cnm
553 1499 673 1560 famulis
697 1518 822 1580 opernm
846 1498 967 1560 solutis!

645 1696 776 1767 xvlrl.

376 1832 490 1906 Fauno,
513 1831 726 1914 Nympharum
748 1833 920 1912 fugientum
944 1842 1069 1908 amator,

375 1940 429 2001 per
451 1939 535 1982 meos
557 1920 627 1981 finis
651 1929 682 1982 et
705 1922 809 2002 aprica
832 1941 905 1982 rura

325 2078 328 2083 ⁴
374 2009 449 2070 lenis
474 2009 598 2069 incedas
621 2010 775 2089 abeasque
798 2010 902 2090 parvis

462 2116 579 2177 aequus
603 2097 741 2173 alumnis,

374 2238 399 2297 si
423 2245 511 2300 tener
534 2239 623 2320 pleno
647 2240 730 2300 cadit
753 2239 871 2300 haedus
895 2258 983 2315 anno,

374 2327 462 2406 larga
485 2346 541 2388 nec
564 2329 678 2389 desunt
700 2326 832 2389 Veneris
857 2327 954 2388 sodali

373 2415 445 2476 vina
468 2426 615 2491 craterae,
639 2423 729 2476 retus
753 2436 807 2478 ara
831 2417 925 2478 multo

461 2505 556 2566 fumat
579 2506 679 2566 odore.

374 2644 452 2705 ludit
473 2645 602 2706 herboso
626 2666 720 2726 pecus
744 2666 832 2708 omne
856 2666 971 2729 campo,

375 2753 441 2794 cnm
466 2734 520 2794 tibi
544 2733 651 2794 Nonae
673 2736 805 2796 redeunt
830 2737 1028 2798 Decembres:

374 2822 471 2882 festus
494 2822 525 2881 in
550 2824 645 2902 pratis
670 2833 759 2885 vacat
782 2825 877 2885 otioso

461 2929 533 2971 cum·
554 2913 632 2972 bove
656 2931 763 2991 pagus,

373 3050 453 3111 inter
476 3053 603 3112 audacis
626 3052 717 3132 lupus
740 3057 824 3112 errat
847 3072 952 3132 agnos,

373 3139 492 3219 spargit
514 3146 647 3219 agrestis
672 3141 725 3200 tibi
748 3141 827 3201 silva
849 3141 977 3215 frondis,

373 3228 488 3306 gaudet
509 3228 637 3289 invisam
661 3229 816 3309 pepulisse
840 3230 937 3290 fossor

460 3322 508 3375 ter
531 3317 610 3397 pede·
633 3325 756 3378 terram.

666 3532 761 3602 XIX.

322 3666 475 3736 Quantum
500 3667 594 3728 distet
617 3670 655 3729 ab
678 3668 793 3729 Inacho

408 3753 525 3817 Codrus
549 3775 603 3836 pro
627 3757 726 3836 patria
749 3776 808 3817 non
833 3758 956 3818 timidus
980 3759 1066 3833 mori,

320 3861 434 3918 narras,
458 3848 490 3903 et
511 3863 610 3922 genus
635 3846 729 3906 Aeaei

406 3936 437 3990 et
459 3938 596 4012 pugnata
619 3952 704 3994 sacro
730 3934 810 3993 bella
833 3934 890 3993 sub
913 3932 984 4010 Ilio,

319 4090 377 4150 quo
401 4069 509 4133 Chium
532 4074 630 4154 pretio
654 4076 763 4135 cadum

406 4180 584 4237 mercemur,
608 4163 677 4241 quis
701 4183 810 4242 aquam
835 4168 985 4243 temperet
1008 4163 1140 4242 ignibus,

319 4265 377 4325 quo
401 4251 566 4329 praebente
590 4251 711 4311 domum
735 4261 766 4311 et
790 4257 882 4329 quota

406 4335 560 4416 Paelignis
584 4356 703 4399 ceream
727 4340 902 4418 frigoribus,
925 4338 1022 4400 taces¹
