3059 4850
553 229 640 291 34
1345 258 1588 301 nonam
1619 257 1962 301 mannum

1080 414 1358 486 potamus
1404 404 1613 466 uncti?
1662 405 1921 484 dissipat
1967 404 2202 465 Euhius

1081 512 1258 554 curas
1304 493 1531 554 edacis.
1604 493 1741 572 quis
1787 512 1942 572 puer
1984 494 2153 553 ocius

1165 581 1515 661 restinguet
1559 581 1828 641 ardentis
1877 580 2124 640 Falerni

445 677 516 727 20
1254 670 1474 750 pocula
1519 677 1948 749 praetereunte
1994 666 2298 749 lympha?

1080 810 1220 889 quis
1267 810 1513 872 devium
1561 819 1825 871 scortum
1872 810 2073 870 eliciet
2118 810 2294 870 demo

1080 897 1347 977 Lyden?
1396 899 1629 958 eburna
1675 898 1773 958 dic
1820 917 1935 977 age
1982 917 2117 957 cum
2166 898 2303 976 lyra

1170 991 1452 1060 maturet,
1499 986 1865 1066 incomptam
1915 985 2232 1046 Lacaenae

449 1086 511 1130 2-1
1258 1093 1424 1135 more
1472 1093 1703 1135 comam
1750 1074 2014 1153 religata
2060 1074 2234 1134 node.

1578 1445 1735 1515 XII.

973 1617 1146 1678 Nolis
1191 1618 1374 1697 longa
1419 1617 1588 1678 ferae
1636 1617 1797 1677 bella
1842 1616 2208 1677 Numantiae

975 1725 1086 1766 nec
1134 1706 1350 1766 durum
1399 1705 1808 1766 Hannibalem
1855 1725 1968 1765 nec
2017 1704 2287 1766 Siculum
2335 1723 2501 1764 mare

973 1793 1178 1856 Poeno
1224 1813 1602 1875 purpureum
1650 1795 1948 1872 sanguine
1994 1793 2275 1853 mollibus

485 1894 509 1942 4
1150 1882 1347 1962 aptari
1394 1883 1665 1943 citharae
1716 1882 1926 1955 modis,

972 2043 1086 2084 nec
1133 2042 1351 2084 saevos
1398 2022 1696 2104 Lapithas
1740 2031 1803 2084 et
1848 2023 2096 2083 nimium
2142 2042 2309 2084 mero

974 2111 1286 2191 Hylaeum
1333 2112 1712 2190 domitosque
1759 2108 2068 2173 Herculea
2115 2105 2318 2171 manu'

974 2199 1240 2261 Telluris
1287 2200 1563 2274 iuvenes,
1609 2200 1771 2259 unde
1820 2199 2158 2279 periculum

485 2298 513 2338 Ξ
1149 2288 1393 2367 fulgens
1442 2288 1809 2348 contremuit
1855 2288 2068 2347 domus

975 2429 1224 2491 Saturni
1272 2430 1526 2505 veteris3
1580 2437 1769 2508 tuque
1814 2430 2204 2509 pedestribus

975 2519 1144 2578 dices
1193 2518 1459 2579 historiis
1505 2517 1739 2598 proelia
1779 2516 2077 2588 Caesaris,

974 2606 1322 2680 MaecenaS,
1372 2606 1589 2665 melius
1637 2605 1942 2685 ductaque
1990 2626 2100 2685 per
2145 2607 2279 2667 vias

457 2702 513 2750 123·
1151 2714 1369 2774 regum
1415 2694 1573 2755 colla
1618 2694 1958 2754 minacium.

974 2855 1069 2896 me
1118 2836 1328 2896 dulces
1378 2834 1656 2895 dominae
1702 2833 1883 2894 Musa
1928 2833 2282 2915 Licymniae

975 2929 1211 2994 cantus,
1256 2943 1352 2984 me
1399 2922 1593 2983 voluit
1640 2922 1844 2983 dicere
1891 2923 2160 2982 lucidum

974 3012 1278 3091 fulgentis
1325 3011 1531 3071 oculos
1580 3018 1643 3071 et
1689 3012 1845 3070 bene
1891 3010 2117 3071 mutuis

457 3107 517 3155 ΗΞ.
1151 3099 1339 3159 fidum
1385 3112 1601 3179 pectus
1649 3099 1983 3172 amoribus3

975 3259 1154 3320 quam
1202 3258 1314 3299 nec
1359 3241 1522 3300 ferre
1568 3239 1787 3319 pedem
1835 3240 2127 3301 dedecuit
2174 3241 2372 3302 choris

975 3348 1089 3389 nec
1143 3333 1378 3389 certare
1424 3326 1555 3387 ioco
1603 3345 1713 3386 nec
1760 3328 1908 3389 dare
1956 3329 2237 3389 bracchia

976 3417 1290 3477 ludentem
1337 3415 1547 3475 nitidis
1595 3414 1938 3494 virginibus
1985 3435 2159 3477 sacre

449 3511 517 3559 ΞΗ
1153 3504 1388 3566 Dianae
1435 3503 1695 3564 celebris
1742 3503 1860 3563 die.

976 3664 1121 3704 num
1166 3647 1252 3719 tu,
1297 3662 1454 3723 quae
1499 3644 1700 3704 tenuit
1745 3644 1919 3704 dives
1964 3645 2406 3722 Achaemenes,

977 3739 1083 3793 aut
1126 3732 1372 3813 pinguis
1419 3731 1733 3813 Phrygiae
1780 3731 2151 3812 Mygdonias
2199 3753 2345 3814 opes

976 3824 1324 3902 permutare
1374 3820 1529 3880 velis
1578 3820 1743 3880 crine
1788 3819 2161 3899 Licymniae,

449 3915 517 3963 24
1153 3909 1366 3989 plenas
1414 3913 1519 3968 aut
1564 3908 1834 3968 Arabum
1883 3909 2110 3986 domes,

977 4066 1114 4109 cum
1159 4047 1483 4128 flagrantia
1530 4048 1856 4133 detorquet
1900 4051 1977 4111 ad
2025 4052 2233 4113 oscula

978 4136 1280 4198 cervicem
1327 4139 1433 4197 aut
1477 4135 1641 4197 facili
1688 4137 1945 4199 saevitia
1990 4145 2193 4218 negat,

977 4243 1133 4303 quae
1179 4229 1468 4305 poscente
1516 4224 1713 4304 magis
1759 4227 2025 4305 gaudeat
2069 4228 2239 4309 eripi,

453 4319 517 4367 ΞΒ
1153 4312 1462 4375 interdum
1509 4331 1731 4393 rapere
1778 4316 2078 4395 occupet?
