3059 4850
404 1894 473 1942 ΕΞ

408 2707 473 2755 Ξῐῖἱ

408 3111 473 3159 411

404 3515 469 3563 44

408 3919 473 3967 43

408 4327 473 4375 ἦν’-Ξ

1300 258 1545 303 ΗΟΒΑΤῙ
1576 258 1917 302 camanum

927 404 1250 485 qualemve
1295 405 1477 466 laetis
1524 424 1748 486 caprea
1792 404 2035 486 pascuis

928 494 1164 555 intenta
1209 494 1416 554 fulvae
1465 493 1676 553 matris
1722 495 1797 555 ab
1846 494 2034 554 ubere

1015 581 1135 643 iam
1183 583 1341 643 lacte
1389 583 1712 663 depulsum
1759 581 1994 643 leonem

1107 670 1291 731 dente
1336 689 1494 731 novo
1541 671 1815 751 peritura
1859 669 2045 731 vidit:

929 809 1143 871 videre
1188 809 1407 871 Raetis
1454 810 1618 870 bella
1664 812 1776 872 sub
1826 810 2087 891 Alpibus

928 897 1197 958 Drusum
1241 905 1560 978 gerentem
1612 899 1944 975 Vindelici3
1992 898 2216 978 quibus

1016 1005 1146 1046 mos
1190 988 1354 1047 unde
1402 987 1705 1048 deductus
1751 1006 1861 1068 per
1907 1006 2081 1047 omne

1107 1083 1345 1154 tempus
1392 1075 1727 1136 Amazonia
1772 1075 1973 1136 securi

931 1216 1186 1275 dextras
1232 1216 1522 1291 obarmet,
1570 1234 1868 1294 quaerere
1917 1215 2129 1276 distuli

930 1298 1072 1383 (nec
1119 1303 1275 1364 scire
1321 1304 1413 1363 fas
1460 1311 1558 1363 est
1603 1299 1845 1384 omnia),
1892 1306 2002 1366 sed
2052 1303 2155 1364 diu

1016 1390 1261 1471 lateque
1308 1391 1594 1452 victrices
1643 1401 1927 1453 catervae

1105 1479 1372 1540 consiliis
1418 1479 1657 1540 iuvenis
1706 1480 1973 1541 revictae

929 1638 1197 1695 sensere,
1247 1620 1394 1700 quid
1441 1639 1614 1680 mens
1659 1621 1794 1696 rite,
1842 1621 1986 1700 quid
2033 1620 2276 1685 indoles

927 1707 1156 1769 nutrita
1201 1708 1418 1769 faustis
1465 1710 1578 1769 sub
1625 1710 2046 1789 penetralibus

1017 1801 1241 1877 posset,
1291 1797 1438 1876 quid
1484 1796 1756 1876 Augusti
1802 1803 2096 1878 paternus

1106 1883 1169 1944 in
1217 1904 1439 1965 pueros
1487 1886 1724 1945 animus
1768 1885 2063 1946 Nerones.

928 2026 1117 2086 fortes
1164 2030 1448 2085 creantur
1494 2026 1751 2086 fortibus
1798 2030 1860 2086 et
1908 2025 2107 2087 bonis:

929 2118 1027 2173 est
1069 2113 1131 2173 in
1180 2113 1472 2188 iuvencis,
1519 2121 1618 2173 est
1659 2113 1722 2173 in
1768 2114 1943 2194 equis
1987 2120 2228 2194 patrum

1017 2201 1233 2276 virtus,
1282 2221 1478 2280 neque
1524 2202 1810 2261 inbellem
1857 2202 2091 2262 feroces

1104 2295 1514 2370 progenerant
1559 2289 1799 2369 aquilae
1847 2291 2217 2365 columbam;

931 2430 1205 2492 doctrina
1251 2431 1361 2491 sed
1407 2432 1531 2492 vim
1580 2438 1897 2512 promovet
1942 2433 2204 2505 insitam,

933 2518 1206 2599 rectique
1253 2519 1453 2578 cultus
1500 2528 1751 2600 pectora
1796 2521 2111 2597 roborant3

1019 2613 1347 2686 utcumque
1395 2608 1677 2668 defecere
1723 2627 1942 2685 mores,

1107 2696 1464 2757 indecorant
1511 2698 1668 2756 bene
1714 2702 1861 2757 nata
1907 2697 2139 2777 culpae.

932 2835 1080 2914 quid
1126 2837 1372 2911 debeas,
1421 2856 1454 2897 o
1502 2837 1716 2912 Roma,
1761 2829 2148 2912 Neronibus,⁵

933 2925 1111 2984 testis
1158 2924 1504 2985 Metaurum
1550 2924 1774 2985 flumen
1822 2932 1886 2986 et
1929 2922 2284 2987 Hasdrubal

1022 3011 1302 3073 devictus
1350 3021 1412 3072 et
1458 3014 1711 3092 pulcher
1756 3013 1984 3092 fugatis

1106 3099 1211 3160 ille
1260 3100 1390 3160 dies
1436 3100 1612 3161 Latio
1661 3102 1946 3176 tenebris,

932 3239 1033 3320 qui
1079 3240 1310 3321 primus
1357 3241 1516 3302 alma
1563 3242 1701 3303 risit
1744 3243 1988 3313 adorea,

934 3327 1103 3387 dirus
1149 3348 1260 3408 per
1307 3332 1478 3390 urbis
1525 3330 1679 3390 Afer
1721 3337 1793 3391 ut
1836 3330 2033 3392 Italas

1021 3434 1134 3476 ceu
1177 3416 1420 3478 flamma
1464 3437 1577 3498 per
1623 3419 1839 3479 taedas
1887 3420 1988 3479 vel
2034 3418 2237 3480 Eurus

1108 3524 1217 3585 per
1264 3506 1500 3567 Siculas
1549 3507 1846 3586 equitavit
1890 3508 2103 3568 undas.

930 3650 1069 3725 post
1113 3646 1226 3706 hoc
1272 3647 1559 3708 secundis
1604 3668 1799 3728 usque
1847 3648 2155 3710 laboribus

930 3731 1206 3794 Romana
1250 3737 1443 3816 pubes
1491 3737 1705 3811 crevit,
1752 3745 1817 3797 et
1862 3737 2023 3818 inpio

1018 3827 1258 3883 vastata
1302 3822 1641 3884 Poenorum
1688 3825 1953 3886 tumultu

1105 3911 1245 3971 fana
1291 3912 1438 3973 deos
1487 3914 1753 3973 habuere
1799 3920 2029 3990 rectos3

933 4051 1213 4132 dixitque
1260 4053 1505 4113 tandem
1553 4052 1823 4133 perfidus
1870 4053 2211 4116 Hannibal:

931 4142 1153 4215 ‚,cervi,
1198 4140 1477 4221 luporum
1521 4143 1755 4223 praeda
1800 4143 2131 4222 rapacium,

1019 4235 1325 4288 sectamur
1371 4231 1549 4305 ultro,
1599 4249 1752 4310 quos
1800 4232 2035 4311 opimus

1106 4316 1320 4377 fallere
1367 4324 1432 4380 et
1479 4317 1753 4399 effugere
1800 4324 1897 4379 est
1942 4318 2303 4399 triumphus.
