3059 4850
1194 293 1313 338 [ΑΒ.
1347 295 1433 339 111.
1464 298 1664 332 V-vn,

757 442 863 501 sed
916 441 1276 502 rusticorum
1324 442 1594 502 mascula
1642 441 1895 502 militum

754 530 953 608 proles
1002 528 1262 590 Sabellis
1312 529 1490 590 docta
1533 529 1839 609 ligonibus

840 637 1092 678 versare
1139 618 1392 697 glaebas
1441 625 1503 679 et
1548 637 1803 679 severae

900 707 1139 766 ·matris
1187 706 1265 766 ad
1312 707 1625 767 arbitrium
1673 707 1902 767 recisos

751 853 995 928 portare
1044 847 1245 920 fustis,
1295 847 1385 907 sol
1433 847 1537 908 ubi
1584 847 1877 908 montium

753 941 1016 995 mutaret
1061 936 1307 995 umbras
1356 939 1419 994 et
1465 936 1611 1015 iuga
1657 936 1934 997 demeret

842 1025 1032 1085 bobus
1081 1024 1371 1102 fatigatis,
1419 1025 1677 1084 amicum

928 1118 1166 1193 tempus
1214 1131 1406 1191 agens
1454 1114 1718 1173 abeunte
1768 1130 1967 1172 curru.

752 1253 1043 1313 damnosa
1089 1254 1233 1332 quid
1281 1273 1396 1313 non
1445 1253 1727 1313 inminuit
1774 1253 1931 1313 dies!

749 1350 921 1401 aetas
968 1349 1311 1421 parentum,
1358 1341 1529 1421 peior
1576 1342 1726 1413 avis,
1773 1342 1917 1403 tulit

838 1448 947 1490 nos
996 1430 1338 1509 nequiores,
1385 1449 1527 1489 mox
1578 1431 1827 1509 daturos

924 1518 1280 1598 progeniem
1327 1517 1716 1578 vitiosiorem.

1352 1892 1508 1962 VII.

747 2063 913 2133 Quid
964 2063 1093 2139 fles,
1142 2064 1409 2138 Asterie,
1457 2084 1636 2143 quem
1685 2065 1796 2125 tibi
1844 2066 2088 2126 candidi

748 2152 939 2232 primo
990 2154 1320 2213 restituent
1365 2172 1514 2212 vere
1563 2152 1818 2214 Favonii

837 2240 1060 2320 Thyna
1106 2259 1306 2301 merce
1354 2241 1617 2315 beatum,
1723 2273 1744 2296 0

923 2329 1256 2391 constantis
1303 2329 1589 2390 iuvenem
1639 2328 1759 2389 fide

749 2468 1025 2550 Gygen?
1072 2471 1173 2532 ille
1221 2470 1399 2531 Notis
1447 2480 1621 2532 actus
1668 2473 1745 2531 ad
1794 2470 2040 2534 Oricum

749 2564 884 2638 post
928 2560 1142 2620 insana
1187 2557 1423 2639 Caprae
1472 2560 1675 2620 sidera
1720 2560 1980 2639 frigidas

836 2653 1031 2709 noctis
1077 2667 1194 2707 non
1247 2648 1378 2707 sine
1427 2648 1631 2707 multis

920 2735 1212 2796 insomnis
1259 2736 1525 2796 lacrimis
1574 2736 1719 2815 agit.

749 2877 915 2957 atqui
965 2877 1261 2938 sollicitae
1308 2876 1557 2937 nuntius
1606 2876 1898 2957 hospitae,

748 2966 1059 3045 suspirare
1108 2963 1337 3026 Chloe‘n
1387 2971 1450 3025 et
1497 2965 1781 3025 miseram
1830 2965 1950 3025 tuis

835 3054 1049 3114 dicens
1099 3053 1341 3131 ignibus
1387 3053 1498 3125 uri,

923 3147 1181 3222 temptat
1226 3141 1389 3201 mille
1437 3142 1612 3201 vafer
1660 3141 1869 3203 modis.

749 3288 814 3341 ut
861 3281 1145 3349 Proetum
1193 3280 1410 3341 mulier
1457 3281 1693 3361 perfida
1740 3281 2052 3342 credulum

749 3370 916 3430 falsis
965 3370 1258 3449 inpulerit
1302 3369 1655 3430 criminibus
1702 3370 1879 3429 nimis

836 3462 1001 3519 casto
1048 3457 1556 3537 Bellerophontae

920 3550 1227 3606 maturare
1276 3565 1504 3620 necem,
1553 3547 1741 3607 refert
1754 3572 1769 3624 3

748 3696 954 3748 narrat
997 3706 1191 3768 paene
1240 3687 1447 3747 datum
1496 3686 1683 3747 Pelea
1730 3686 2003 3760 Tartaro,

749 3775 1142 3855 Magnessam
1192 3774 1570 3856 Hippolyten
1621 3776 1761 3835 dum
1812 3775 1971 3853 fugit
2018 3779 2344 3836 abstinens.

834 3870 896 3923 et
940 3882 1195 3944 peccare
1245 3863 1525 3925 docentis

919 3952 1110 4011 fallax
1157 3951 1439 4012 historias
1486 3958 1708 4012 monet.

749 4083 998 4166 frustra,-
1039 4111 1175 4152 nam
1223 4093 1487 4173 scopulis
1536 4093 1776 4152 surdior
1822 4092 1980 4152 Icari

747 4200 930 4243 voces
979 4180 1152 4240 audit
1198 4181 1398 4241 adhuc
1443 4181 1701 4260 integer.
1750 4185 1815 4241 at
1863 4181 1967 4241 tibi

832 4291 907 4331 ne
955 4269 1189 4328 vicinus
1236 4268 1506 4348 Enipeus

917 4357 1054 4438 plus
1102 4358 1257 4417 iusto
1305 4357 1564 4438 placeat,
1611 4377 1778 4433 cave,

2464 266 2536 326 {it

2548 1122 2609 1166 44

2552 3151 2609 3195 12

2544 3559 2561 3599 1
2577 3555 2605 3599 li
