3059 4850
553 844 561 857 ’
635 895 996 990 ennuinuu

649 1102 759 1169 nlssnss
782 1099 976 1168 SECUNDUS.

796 1426 824 1497 I.

497 1539 636 1664 Motum
660 1619 701 1659 ex
724 1597 850 1658 Metello
872 1594 997 1659 consule
1020 1597 1150 1658 civicum

496 1688 630 1767 bellique
653 1706 762 1748 causas
787 1692 818 1747 st
840 1687 915 1748 vitia
937 1692 969 1745 et
991 1686 1095 1746 modos

540 1775 708 1855 ludumque
732 1774 890 1836 Fortunae
913 1783 1082 1853 gravisque

587 1863 757 1946 principum
781 1862 929 1923 amicitias
952 1867 984 1923 et
1007 1881 1092 1923 arma

497 2006 630 2067 nondum
654 2005 788 2086 expiatis
810 2012 903 2064 uncta
925 2002 1095 2076 cruoribus,

485 2094 686 2176 periculosae
709 2094 834 2174 plenum
857 2112 932 2172 opus
956 2091 1051 2166 aleae,

542 2190 654 2243 unctas
678 2191 710 2242 st
731 2183 849 2242 incedis
871 2200 927 2261 per
951 2181 1038 2260 ignes

586 2270 760 2350 subpositus
784 2269 878 2330 cineri
902 2269 1015 2330 doloso.

497 2411 622 2493 paulum
644 2430 773 2471 severae
795 2410 885 2472 Musa
908 2410 1085 2491 tragoediae

498 2500 578 2561 desit
601 2499 745 2560 theatris:
769 2518 851 2571 mox,
873 2500 924 2559 nbi
947 2499 1085 2579 publicas

541 2607 592 2650 res
615 2588 775 2661 ordinaris,
797 2589 915 2667 grande
938 2606 1047 2647 munus

591 2674 737 2756 Cecropio
759 2683 883 2756 repetes
908 2675 1064 2750 cothurno,

499 2818 620 2897 insigne
644 2817 771 2878 maestis
793 2816 980 2898 praesidinm
1004 2817 1065 2876 reis

498 2913 530 2967 et
553 2906 734 2979 consulenti,
756 2905 863 2979 Pollio,
887 2905 999 2978 curiae,

541 2995 590 3055 cui
612 2994 717 3055 laurus
740 3001 883 3054 aeternos
907 2993 1036 3053 honores

585 3084 754 3143 Delmatico
778 3081 900 3161 peperit
922 3081 1081 3162 triumpho.

498 3224 558 3284 ianr
579 3242 660 3284 nunc
682 3222 792 3282 minaci
816 3242 969 3283 murmure
993 3242 1139 3284 cornuum

498 3311 680 3394 perstringis
705 3329 805 3384 aures,
828 3312 887 3372 iam
910 3311 978 3373 litui
1001 3316 1152 3394 strepunt,

541 3399 600 3460 iam
623 3399 724 3478 fulgor
746 3419 898 3460 armorum
922 3400 1041 3479 fugacis

586 3493 682 3549 terret
704 3507 800 3566 equos
824 3488 1021 3568 equitumque
1044 3487 1155 3550 voltus.

498 3629 604 3691 audire
626 3647 753 3708 magnos
777 3629 837 3689 iam
860 3628 968 3689 videor
992 3628 1087 3690 duces

498 3737 558 3778 non
581 3717 724 3778 indecoro
748 3718 877 3797 pulvere
901 3717 1040 3777 sordidos

542 3810 573 3866 et
596 3813 706 3867 cuneta
728 3809 879 3866 terrarum
902 3806 1030 3866 subacta

587 3901 710 3975 praeter
734 3900 867 3955 atrocem
891 3894 1023 3954 animum
1047 3891 1179 3955 Catonis.

500 4035 578 4096 luno
601 4040 634 4096 st
657 4036 783 4096 deorum
807 4035 945 4115 quisquis
969 4034 1095 4097 amicior

499 4124 584 4184 Afris
607 4123 706 4184 inulta
726 4131 862 4185 cesserat
884 4127 1024 4204 inpotens

542 4210 663 4288 tellure,
688 4211 837 4273 victorum
861 4216 987 4292 nepotes

586 4300 708 4362 rettulit
730 4301 855 4362 inferias
878 4300 1061 4380 Iugurthae.
