3059 4850
1143 227 1262 272 LIB.
1296 228 1355 272 11.
1391 231 1586 265 XVIII—
1599 232 1687 265 xx.

777 380 858 446 tu,
905 393 1041 434 cum
1089 375 1361 454 parentis
1406 394 1602 455 regna
1647 395 1758 454 per
1804 376 2061 435 arduum

778 462 989 522 cohors
1037 459 1371 541 Gigantum
1419 465 1746 524 scanderet
1792 462 1975 544 inpia,
2055 504 2064 515 ·

863 549 1169 611 Rhoetum
1212 552 1513 611 retorsisti
1562 551 1753 611 leonis

950 640 1254 718 unguibus
1304 640 1696 719 horribilique
1741 640 1919 714 mala,

776 798 1156 859 quamquam,
1204 781 1442 841 choreis
1489 781 1687 862 aptior
1731 791 1794 841 et
1836 781 1984 842 iocis

777 867 1041 948 ludoque
1089 869 1305 944 dictus,
1343 889 1474 946 *nou
1522 875 1618 929 sat
1665 870 1917 929 idoneus

862 974 1104 1037 pugnae
1151 957 1478 1032 ferebaris3
1526 959 1637 1018 sed
1687 958 1848 1018 idem

948 1045 1116 1126 pacis
1163 1065 1301 1105 eras
1347 1046 1708 1126 mediusque
1757 1040 1929 1106 bellis

775 1190 834 1246 te
882 1187 1035 1249 vidit
1078 1188 1285 1249 insons
1331 1186 1636 1250 Cerberus
1683 1206 1869 1250 aureo

775 1294 957 1335 cornu
1008 1276 1312 1349 decorum,
1359 1276 1583 1337 leniter
1633 1282 1903 1337 atterens

863 1365 1134 1438 caudam,
1183 1370 1246 1424 et
1294 1365 1639 1425 recedentis
1688 1365 1961 1444 trilingui

949 1471 1052 1512 ore
1099 1454 1287 1533 pedes
1336 1453 1656 1532 tetigitque
1704 1471 1899 1513 crura.

1345 1705 1498 1775 XX.

740 1839 874 1900 Non
921 1841 1148 1902 usitata
1193 1861 1307 1902 nec
1353 1844 1522 1902 tenui
1570 1844 1734 1904 ferar

739 1947 937 2008 penna
985 1929 1253 1989 biformis
1300 1950 1410 2009 per
1457 1931 1752 2010 liquidum
1799 1932 2051 1991 aethera

828 2024 1019 2091 vates,
1067 2037 1263 2097 neque
1313 2019 1374 2079 in
1423 2019 1605 2079 terris
1652 2020 1935 2080 morabor

916 2105 1174 2185 longius,
1223 2107 1576 2187 invidiaque
1623 2108 1809 2167 maior

739 2249 922 2308 urbes
968 2247 1323 2328 relinquam.
1391 2269 1508 2309 non
1557 2269 1687 2328 ego,
1736 2268 2069 2330 pauperum

739 2335 990 2415 sanguis
1039 2341 1376 2417 parentum,
1424 2357 1541 2398 non
1592 2356 1725 2416 ego,
1772 2358 1952 2417 quem
2002 2355 2204 2409 vocas,-

828 2424 1048 2485 dilecte
1096 2424 1440 2498 Maecenas,
1488 2428 1665 2487 obibo

915 2532 1026 2572 nec
1075 2513 1296 2594 Stygia
1343 2515 1669 2575 cohibebor
1716 2514 1895 2575 unda.

738 2654 854 2714 iam
903 2655 1020 2714 iam
1070 2655 1346 2716 residunt
1393 2657 1670 2717 cruribus
1717 2674 1972 2736 asperae

739 2742 931 2822 pelles
980 2749 1043 2803 et
1088 2744 1292 2803 album
1338 2750 1537 2804 mutor
1583 2745 1641 2803 iu
1689 2745 1893 2805 alitem

827 2851 1090 2912 superne
1140 2838 1593 2912 nascunturque
1644 2833 1812 2891 leves

912 2940 1025 3000 per
1070 2920 1292 2999 digitos
1338 2940 1704 3000 umerosque
1751 2921 2009 3001 plumae.

740 3061 854 3121 iam
903 3060 1215 3121 Daedaleo
1262 3063 1424 3123 ocior
1470 3062 1645 3122 Icaro

739 3151 932 3209 visam
979 3150 1281 3228 gementis
1330 3150 1507 3210 litora
1553 3150 1807 3231 Bospori
1889 3201 1898 3211 .

826 3237 1153 3319 Syrtisque
1202 3236 1500 3299 Gaetulas
1549 3257 1803 3298 canorus

914 3327 1041 3386 ales
1088 3326 1649 3407 Hyperboreosque
1697 3345 1956 3406 campos.

740 3486 830 3527 me
880 3465 1141 3530 Colchus
1188 3477 1267 3539 et,
1314 3468 1418 3547 qui
1467 3468 1814 3528 dissimulat
1858 3471 2085 3528 metum

740 3555 983 3617 Marsae
1031 3557 1314 3629 cohortis,
1367 3556 1569 3616 Dacus
1614 3560 1678 3617 et
1724 3555 1918 3615 ultimi

826 3654 1080 3705 noscent
1127 3642 1363 3717 Geloni,
1411 3664 1507 3705 me
1555 3645 1785 3725 peritus

916 3732 1112 3793 discet
1158 3731 1355 3792 Hiber
1403 3732 1803 3811 Rhodanique
1851 3735 2041 3811 potor.

740 3873 940 3933 absint
983 3873 1147 3933 inani
1195 3874 1408 3933 funere
1455 3876 1673 3933 neniae

740 3961 1059 4041 luctusque
1109 3966 1316 4042 turpes
1362 3970 1426 4021 et
1471 3962 1913 4041 querimoniae:

827 4068 1123 4130 conpesce
1170 4050 1492 4110 clamorem
1542 4069 1611 4110 ac
1660 4051 1924 4130 sepulcri

915 4139 1087 4198 mitte
1136 4158 1553 4218 supervacuos
1600 4140 1873 4199 honores.

2448 202 2520 258 41

2536 4143 2592 4187 2:21
