3059 4850
1259 277 1500 323 HORATl
1531 276 1875 322 GARMINUM

891 426 1038 507 quid
1084 425 1288 487 Marte
1334 445 1565 506 posses.
1612 424 1806 486 milite
1852 443 1992 485 nam
2043 430 2144 484 tuo

892 515 1130 575 Drusus
1177 512 1528 589 Genaunos,
1576 513 1946 595 inplacidum
1993 531 2212 592 genus,

980 601 1376 683 Breunosque
1424 603 1657 662 velocis
1705 608 1768 662 et
1815 611 1977 662 arcls

1068 691 1329 772 Alpibus
1375 689 1670 772 inpositas
1719 689 2051 750 tremendis

892 832 1117 893 deiecit
1161 850 1304 893 acer
1349 831 1488 912 plus
1533 830 1674 890 vice
1721 829 1997 910 simplici.
2074 872 2078 878 -

891 920 1080 981 maior
1125 919 1439 983 Neronum
1484 938 1629 979 mox
1675 937 1868 998 grave
1915 918 2212 999 proelium

982 1008 1260 1071 conmisit
1309 1009 1692 1086 inmaniaque
1738 1006 1969 1067 Raetos

1069 1095 1358 1177 auspiciis
1404 1095 1641 1177 pepulit
1688 1095 1993 1169 secundis,

893 1239 1264 1319 spectandus
1311 1237 1371 1296 in
1416 1236 1748 1297 certamine
1795 1235 2036 1308 Martio,

895 1329 1123 1389 devota
1166 1325 1344 1387 morti
1384 1329 1638 1405 pectora
1683 1323 1911 1385 liberae

983 1414 1227 1496 quantis
1272 1414 1563 1493 fatigaret
1605 1412 1818 1486 ruinis,

1069 1503 1395 1563 indomitas
1441 1521 1631 1582 prope
1678 1499 1877 1581 qualis
1925 1500 2120 1560 undas

894 1649 1150 1706 exercet
1196 1645 1442 1718 Auster,
1488 1641 1805 1702 Pleiadum
1855 1641 2035 1702 choro
2071 1687 2076 1690 .

893 1734 1209 1795 scindente
1256 1732 1466 1806 nubes,
1515 1730 1757 1811 inpiger
1803 1729 2064 1800 hostium

984 1838 1214 1882 vexare
1262 1825 1494 1880 turmas
1542 1831 1606 1880 et
1647 1817 2008 1879 frementem

1068 1910 1311 1970 mittere
1356 1927 1580 1988 equum
1625 1907 1857 1967 medios
1903 1925 2012 1987 per
2057 1906 2259 1984 ignis(

894 2053 981 2112 sic
1028 2048 1400 2112 tauriformis
1447 2048 1714 2109 volvitur
1760 2046 2038 2119 Aufidus,

892 2141 998 2221 qui
1043 2158 1236 2219 regna
1281 2137 1480 2198 Dauni
1525 2134 1810 2217 praefluit
1856 2135 2060 2216 Apuli,

981 2248 1118 2289 cum
1165 2225 1364 2287 saevit
1410 2225 1901 2304 horrendamque
1948 2223 2130 2283 cultis
2196 2289 2209 2301 ,

1070 2315 1360 2376 diluviem
1406 2313 1722 2374 minitatur
1768 2312 1952 2389 agris,

892 2468 959 2519 ut
1004 2457 1399 2517 barbarorum
1445 2453 1737 2517 Claudius
1783 2452 2029 2533 agmina

891 2547 1120 2606 ferrata
1165 2551 1341 2606 vasto
1391 2544 1580 2604 diruit
1625 2544 1873 2623 impetu,

982 2634 1325 2716 primosque
1373 2638 1437 2693 et
1482 2636 1793 2692 extremos
1839 2630 2123 2692 metendo

1070 2723 1291 2782 stravit
1335 2721 1599 2795 humum,
1649 2719 1779 2779 sine
1827 2718 2003 2779 clade
2049 2717 2265 2792 victor,

892 2872 953 2924 te
1001 2863 1222 2945 copias,
1271 2866 1331 2922 te
1378 2862 1694 2922 consilium
1742 2867 1806 2922 et
1853 2864 1989 2920 tuos

891 2953 1223 3033 praebente
1270 2952 1459 3011 divoS.
1508 2969 1647 3010 nam
1693 2950 1825 3023 tibi,
1870 2967 1992 3029 quo
2041 2946 2139 3007 die

981 3051 1191 3121 portus
1240 3039 1638 3099 Alexandrea
1683 3037 1950 3118 supplex

1069 3133 1131 3189 et
1176 3146 1429 3188 vacuam
1477 3127 1765 3208 patefecit
1812 3126 2030 3201 aulam,

890 3271 1133 3331 fortuna
1180 3270 1372 3329 lustro
1418 3286 1713 3348 prospera
1754 3266 1935 3327 tertio

893 3358 1036 3419 belli
1082 3358 1382 3417 secundos
1430 3356 1702 3416 reddidit
1746 3354 1953 3415 exitus

979 3447 1343 3525 laudemque
1391 3452 1456 3506 et
1501 3450 1773 3525 optatum
1819 3442 2085 3525 peractis

1066 3535 1335 3615 imperiis
1385 3534 1574 3593 decus
1621 3531 1959 3611 adrogavit.

890 3680 952 3734 te
1003 3673 1307 3736 Cantaber
1352 3693 1471 3734 non
1519 3678 1659 3735 ante
1707 3672 2027 3733 domabilis

890 3763 1234 3842 Medusque
1267 3770 1326 3822 et
1355 3762 1567 3835 Indus,
1616 3768 1678 3823 te
1709 3764 2005 3842 profugus
2039 3758 2307 3840 Scythes

979 3852 1249 3927 miratur,
1296 3870 1330 3911 o
1377 3850 1571 3910 tutela
1614 3868 1909 3930 praesens

1066 3939 1286 4000 Italiae
1335 3938 1734 4017 dominaeque
1780 3937 2039 4012 Romae;

890 4089 952 4140 te
997 4080 1251 4140 fontium
1299 4080 1401 4160 qui
1451 4079 1611 4141 celat
1656 4079 1924 4158 origines

888 4167 1187 4249 Nilusque
1234 4173 1297 4228 et
1344 4168 1575 4241 Hister,
1619 4172 1683 4228 te
1729 4168 1981 4248 rapidus
2029 4166 2253 4245 Tigris,

977 4264 1040 4317 te
1087 4257 1370 4317 beluosus
1417 4258 1520 4335 qui
1567 4255 1815 4315 remotis

1065 4345 1364 4426 obstrepit
1410 4344 1695 4406 Oceanus
1739 4342 2069 4418 Britannis,
