3059 4850
662 296 785 341 nomi
800 298 970 342 chaumont

422 445 628 506 decertantem
652 444 855 523 Aquilonibus

526 551 582 592 nec
603 531 703 593 tristis
726 531 856 611 Hyadas
879 552 935 593 nec
958 534 1075 595 rabiem
1098 533 1181 608 Noti,

421 640 480 700 quo
504 640 562 681 non
586 620 701 681 arbiter
723 618 860 681 Hadriae

526 708 632 783 maior,
653 708 759 768 tollere
783 727 837 768 seu
862 727 974 788 ponere
998 710 1062 770 volt
1085 711 1172 771 freta

420 869 510 929 quem
534 849 638 911 mortis
662 848 761 909 timuit
782 849 922 927 gradum,

525 937 576 1017 qui
600 937 689 998 siccis
712 937 807 996 oculis
831 945 965 998 monstra
987 939 1133 1012 natantia,

419 1026 472 1106 qui
495 1027 572 1086 vidit
595 1043 678 1085 mare
701 1025 858 1104 turgidum
882 1032 915 1086 et

526 1115 648 1174 infamis
671 1115 811 1193 scopulos
835 1112 1081 1175 Acroceraunia?

419 1255 602 1334 nequiquam
627 1254 703 1313 deus
726 1254 858 1315 abscidit

524 1343 660 1424 prudens
683 1341 805 1402 Oceano
830 1343 1011 1403 dissociabili

419 1440 526 1504 terras,
550 1432 575 1490 si
598 1436 699 1490 tamen
723 1431 822 1510 inpiae

523 1538 582 1579 non
607 1519 762 1597 tangenda
786 1523 867 1579 rates
890 1519 1066 1579 transiliunt
1089 1521 1175 1580 vada

418 1661 522 1722 audax
544 1658 643 1720 omnia
666 1660 786 1740 perpeti

523 1767 600 1828 gens
624 1748 755 1808 humana
777 1748 838 1807 ruit
859 1766 915 1827 per
937 1749 1064 1809 vetitum
1086 1749 1189 1809 nasas:

418 1838 520 1897 audax
543 1835 643 1916 Iapeti
665 1855 764 1915 genus

523 1925 623 2004 ignem
648 1924 755 1985 fraude
778 1924 858 1984 mala
880 1923 1024 2003 gentibus
1047 1925 1159 2000 intulit,

420 2100 455 2110 -
483 2069 551 2145 post
573 2066 675 2144 ignem
699 2063 837 2125 aetheria
860 2065 948 2124 domo

522 2154 705 2213 subductum
727 2152 841 2213 macies
865 2157 896 2212 et
919 2170 997 2212 nova
1020 2152 1150 2213 febrium

415 2242 507 2304 terris
530 2242 667 2302 incubuit
689 2241 798 2300 cohors

520 2329 687 2407 semotique
710 2329 795 2409 prius
818 2329 908 2389 tarda
930 2328 1098 2389 necessitas

413 2472 467 2532 leti
491 2470 636 2551 corripuit
658 2471 788 2550 gradum
816 2491 869 2545 -;

519 2567 668 2639 expertus
693 2578 821 2620 vacuum
845 2558 1000 2619 Daedalus
1024 2562 1096 2619 abra

413 2648 522 2728 pennis
547 2666 606 2708 non
629 2647 742 2707 homini
768 2647 861 2721 datis3

518 2734 657 2815 perrupit
680 2736 857 2795 Acheronta
880 2734 1052 2796 Herculeus
1076 2735 1170 2795 labor.

413 2877 454 2936 nil
478 2876 654 2937 mortalibus
678 2876 766 2937 ardui
790 2882 852 2936 est:

518 2966 634 3026 caelum
658 2965 757 3044 ipsum
780 2963 913 3044 petimus
936 2964 1066 3024 stultitia
1090 2984 1192 3043 neque

413 3072 469 3134 per
490 3058 624 3112 nostrum
648 3053 780 3132 patimur
803 3051 903 3111 scelus

518 3140 665 3199 iracunda
687 3139 794 3200 Iovem
817 3158 929 3219 ponere
953 3139 1095 3200 fulmina!

774 3512 833 3582 lV.

332 3683 467 3745 Solvitur
490 3683 569 3744 aeris
594 3683 710 3764 hiemps
734 3690 824 3763 grata
848 3685 914 3745 vice
939 3683 1020 3743 veris
1044 3688 1077 3743 et
1100 3682 1226 3760 Favoni,

437 3773 623 3851 trahuntque
646 3772 742 3832 siccas
768 3772 923 3833 machinae
946 3772 1080 3847 carinas3

331 3881 367 3924 ao
389 3880 489 3940 neque
512 3860 572 3920 iam
596 3860 723 3921 stabulis
747 3861 863 3938 gaudet
884 3880 978 3940 pecus
1002 3866 1056 3920 aut
1079 3867 1181 3921 arator
1203 3860 1280 3940 igni,

436 3968 493 4009 nec
515 3955 603 4029 prata
626 3950 709 4009 oanis
732 3949 866 4023 albicant
888 3948 1018 4028 pruinis3

330 4092 389 4151 iam
412 4088 566 4171 Cytherea
589 4090 697 4150 choros
721 4090 806 4150 ducit
829 4089 934 4150 Venus
958 4088 1122 4149 inminente
1144 4090 1225 4167 luna,

436 4180 618 4257 iunctaeque
641 4176 795 4259 Nymphis
820 4176 946 4238 Gratiae
971 4178 1117 4238 decentes

329 4268 447 4327 alterno
469 4271 582 4327 terram
606 4265 747 4345 quatiunt
770 4266 859 4346 pede,
882 4267 954 4326 dum
977 4275 1084 4344 gravis
1108 4264 1278 4347 Cyelopum

435 4353 590 4415 Volcanus
613 4355 725 4414 ardens
748 4354 810 4414 urit
834 4354 977 4418 officinas.
