3059 4850
665 261 787 305 nonam
801 260 973 305 CARMINUM

505 413 590 470 metu
614 409 740 470 deorum
763 406 933 470 continuit?
957 408 1067 488 quibus

505 497 642 580 pepercit
665 495 748 557 aris‘?
772 516 790 558 o
813 496 930 558 utinam
952 515 1031 558 nova

547 585 658 647 iueude
682 585 826 666 diffingas
849 594 1007 646 retunsum
1029 584 1061 644 in

591 674 787 754 Massagetas
812 674 992 753 Arabasque
1014 674 1138 736 ferrum.

735 872 837 942 XXX
871 871 899 942 L

425 1009 467 1072 -Et
490 1014 559 1072 ture
582 1016 614 1069 et
635 1008 747 1069 fidibus
771 1009 857 1070 iuvat

532 1098 655 1179 placare
679 1101 710 1157 et
733 1096 822 1157 vituli
847 1096 997 1176 sanguine
1022 1095 1124 1157 debito

429 1187 571 1249 custodes
594 1185 745 1246 Numidae
770 1185 853 1261 deos,

532 1275 583 1353 qui
607 1293 688 1336 nuno
710 1273 864 1355 Hesperia
886 1292 993 1354 sospes
1015 1272 1053 1333 ab
1076 1270 1183 1332 ultima
1263 1311 1267 1319 -

430 1415 509 1477 caris
532 1416 629 1476 multa
651 1415 816 1488 sodalibus,

532 1503 608 1564 nulli
631 1503 721 1584 plura
743 1510 847 1563 tamen
871 1501 982 1562 dividit
1005 1500 1108 1561 oscula

427 1610 517 1672 quam
541 1591 622 1651 dulei
646 1590 780 1664 Lamiae,
804 1610 919 1650 memor

533 1683 619 1740 aetae
642 1698 702 1739 non
726 1680 785 1740 alio
807 1698 883 1758 rege
907 1678 1045 1759 puertiae

425 1825 622 1899 mutataeque
645 1819 735 1879 simul
759 1826 857 1897 togae.
947 1848 949 1852 ·

534 1908 647 1970 Cressa
670 1927 707 1968 ne
732 1911 836 1968 eareat
859 1906 986 1987 pulebra
1009 1905 1075 1966 dies
1098 1913 1179 1980 nota,

427 2017 487 2057 neu
510 2002 670 2078 promptae
693 1997 802 2067 modus
826 1995 987 2075 amphorae

531 2104 592 2145 neu
614 2104 730 2146 morem
753 2084 785 2144 in
809 2082 922 2144 Salium
946 2082 987 2143 sit
1009 2081 1130 2161 requies
1153 2081 1276 2162 pedum,

426 2246 485 2287 neu
507 2225 594 2287 multi
619 2225 753 2286 Damalis
776 2223 852 2284 meri

532 2315 662 2376 Bassum
687 2313 829 2374 Threicia
853 2312 955 2373 vineat
979 2310 1141 2391 amystide,

426 2424 487 2465 neu
511 2401 614 2466 desint
637 2402 735 2483 epulis
758 2420 846 2462 rosae

531 2511 591 2551 neu
615 2491 710 2551 vivax
733 2489 835 2571 apium
858 2508 918 2549 neu
942 2489 1035 2548 breve
1058 2488 1163 2548 lilium.

427 2638 532 2697 omnes
555 2632 586 2692 in
609 2631 750 2692 Damalin
773 2635 874 2711 putris

533 2721 686 2801 deponent
709 2719 822 2795 oeulos,
845 2738 903 2779 neu
927 2718 1062 2778 Damalis
1086 2737 1164 2779 novo

429 2809 592 2871 divelletur
616 2807 765 2884 adultero,

533 2897 657 2958 laseivis
681 2896 805 2957 hederis
829 2893 1024 2955 ambitiosior.

730 3110 914 3182 XXXVH.

482 3248 570 3311 Nune
594 3256 643 3310 est
664 3248 840 3323 bibendum,
864 3266 943 3307 nuno
966 3247 1046 3327 pede
1070 3246 1166 3307 libero

481 3338 633 3420 pulsanda
656 3337 762 3413 tellus3
785 3356 866 3397 nuno
890 3335 1059 3397 Saliaribus

527 3446 636 3487 ornare
659 3427 802 3507 pulvinar
825 3426 951 3485 deorum

510 3530 512 3533 ⁴
572 3524 692 3595 tempus
716 3519 783 3575 erat
807 3514 945 3593 dapibus,
969 3510 1098 3571 sodales.

485 3657 616 3717 antehae
640 3656 725 3715 nefas
750 3656 930 3735 depromere
954 3649 1129 3714 Caecubum

486 3744 572 3805 cellis
596 3743 695 3818 avitis,
720 3744 792 3802 dum
815 3741 965 3822 Capitolio

528 3832 634 3911 regina
657 3832 810 3891 dementis
832 3830 946 3904 ruinas,

570 3921 660 3980 funus
684 3928 715 3978 et
738 3919 864 3999 imperio
887 3919 1014 3999 parabat

485 4060 687 4122 contaminato
712 4080 779 4120 eum
803 4079 899 4139 grego
922 4057 1055 4139 turpium

484 4149 588 4210 morbo
613 4150 755 4223 uirorum,
779 4148 930 4228 quidlibet
951 4147 1094 4227 inpotens

529 4256 654 4318 sperare
677 4237 859 4316 fortunaque
883 4234 964 4295 dulei

574 4324 667 4385 ebria.
692 4326 747 4385 sed
770 4325 878 4385 minuit
899 4324 1033 4383 furorem
