3059 4850
497 2671 557 2719 12

505 3079 561 3123 15

497 3483 541 3527 Ei
553 3487 565 3523 'i

1378 225 1621 269 HORATI
1652 225 1995 270 GARMmUM

1014 393 1111 433 me
1161 374 1472 433 doctarum
1523 374 1786 434 hederae
1835 374 2105 453 praemia
2153 375 2434 435 frontium

1016 461 1111 520 dis
1156 462 1415 522 miscent
1463 463 1718 541 superiS‚
1766 482 1861 522 me
1910 461 2182 540 gelidum
2233 482 2445 523 nemus

1014 549 1558 630 Nympharumque
1609 549 1779 610 leves
1828 570 1961 610 cum
2012 549 2252 629 Satyris
2300 551 2464 620 chori

1016 647 1342 699 secernunt
1389 637 1629 719 populo,
1675 638 1723 698 si
1772 659 1972 718 neque
2019 638 2199 699 tibias

1016 778 1287 860 Euterpe
1336 780 1580 840 cohibet
1628 798 1737 838 nec
1786 778 2196 860 Polyhymnia

1018 867 1321 927 Lesboum
1370 867 1599 945 refugit
1645 867 1898 927 tendere
1947 867 2245 928 barbiton.

1017 956 1233 1034 quodsi
1280 975 1377 1014 me
1427 955 1637 1035 lyricis
1685 956 1926 1015 vatibus
1974 956 2227 1027 insereS‚

1017 1044 1260 1103 sublimi
1308 1043 1520 1103 feriam
1571 1043 1775 1103 sidera
1820 1044 2070 1104 vertice.

1656 1416 1746 1486 II.

1018 1588 1149 1648 Iam
1197 1588 1345 1649 satis
1396 1589 1577 1648 terris
1624 1589 1782 1648 nivis
1830 1594 2013 1668 atque
2063 1589 2232 1649 dirae

1017 1677 1338 1756 grandinis
1383 1678 1550 1736 misit
1597 1684 1772 1756 pater
1818 1684 1881 1738 et
1925 1678 2182 1738 rubente

1019 1765 1278 1825 dextera
1328 1784 1532 1834 sacras
1582 1763 1880 1824 iaculatus
1928 1773 2089 1825 arcIs

1167 1852 1388 1913 terruit
1432 1854 1665 1926 urbem,

1017 1995 1238 2055 terruit
1282 1998 1512 2073 gentIS‚
1559 2013 1752 2072 grave
1800 2014 1875 2054 ne
1924 1995 2156 2054 rediret

1018 2083 1330 2145 saeculum
1378 2082 1659 2162 Pyrrhae
1707 2101 1867 2142 nova
1912 2089 2183 2143 monstra
2227 2091 2500 2162 questae,

1018 2191 1192 2233 omne
1240 2191 1374 2231 cum
1420 2170 1682 2231 Proteus
1729 2190 1916 2251 pecus
1965 2171 2092 2249 egit
2136 2170 2292 2232 altos

1168 2260 1369 2320 visere
1416 2266 1656 2332 month,

1016 2400 1270 2483 piscium
1320 2404 1382 2459 et
1429 2387 1670 2460 summa
1707 2417 1904 2477 genus
1955 2398 2152 2460 haesit
2199 2397 2383 2472 ulm0,

1020 2497 1163 2551 nota
1209 2507 1366 2568 quae
1414 2488 1597 2548 sedes
1644 2488 1843 2549 fuerat
1889 2485 2201 2562 columbiS,

1019 2586 1084 2639 et
1130 2578 1476 2657 superiecto
1522 2575 1784 2656 pavidae
1831 2579 2119 2636 natarunt

1169 2683 1434 2746 aequore
1480 2665 1776 2725 dammae.

1017 2808 1282 2867 vidimus
1329 2806 1559 2865 flavum
1610 2803 1877 2865 Tiberim
1927 2805 2169 2864 retortis

1022 2896 1202 2957 litore
1250 2894 1513 2956 Etrusco
1562 2893 1864 2952 violenter
1912 2893 2092 2952 undis

1023 2985 1113 3043 ire
1163 2984 1465 3043 deiectum
1513 2992 1905 3041 monumenta
1953 2981 2119 3059 regis

1174 3070 1522 3152 templaque
1573 3069 1819 3144 Vestae,

1023 3212 1178 3274 Iliae
1226 3213 1369 3272 dum
1416 3231 1483 3271 se
1532 3210 1780 3270 nimium
1829 3210 2109 3289 querenti

1023 3302 1213 3362 iactat
1259 3302 1540 3373 ultorem,
1588 3317 1784 3377 vagus
1833 3303 1894 3359 et
1941 3300 2191 3359 sinistra

1025 3389 1252 3450 labitur
1295 3389 1429 3469 ripa
1475 3388 1627 3448 Iove
1676 3406 1790 3447 non
1837 3388 2134 3467 probante
2180 3407 2246 3446 u-

1174 3495 1386 3537 xorius
1436 3495 1646 3535 amnis.

1026 3618 1234 3679 audiet
1280 3616 1435 3676 civis
1483 3616 1721 3676 acuisse
1767 3616 2016 3689 ferrum,

1027 3726 1144 3785 quo
1191 3724 1418 3785 graves
1466 3704 1692 3764 Persae
1738 3703 1956 3763 melius
2003 3703 2295 3784 perirent,

1027 3794 1237 3856 audiet
1281 3811 1519 3873 pugnas
1568 3792 1717 3852 vitio
1765 3797 2084 3871 parentum

1204 3900 1343 3941 rara
1389 3882 1691 3940 iuventus.

1029 4034 1209 4095 quem
1256 4018 1435 4073 vocet
1482 4012 1689 4072 divum
1738 4013 1999 4093 populus
2047 4012 2282 4072 ruentis

1028 4102 1241 4183 imperi
1291 4101 1520 4161 rebus?
1571 4119 1752 4181 prece
1800 4120 1921 4179 qua
1967 4101 2227 4179 fatigent

1028 4192 1301 4271 virgines
1349 4198 1598 4250 sanctae
1646 4190 1843 4249 minus
1894 4189 2246 4249 audientem

1240 4280 1507 4339 carmina
1560 4274 1856 4338 Vestam?
