3059 4850
461 2322 525 2366 Ριέἓ

469 2731 525 2771 ³2¹:

465 3137 525 3179 -Η

1357 276 1601 320 ΗΟΒΑΤΙ
1630 275 1971 320 ΟΑΒΜῙΝΙΙΜ

980 407 1099 467 iam
1147 408 1347 468 clarus
1395 405 1697 467 occultum
1748 406 2173 465 Andromedae
2220 406 2401 486 pater

980 496 1246 556 ostendit
1291 496 1514 574 ignem,
1562 494 1679 555 iam
1726 493 2004 574 Procyon
2051 492 2199 553 furit

1069 589 1130 644 et
1177 583 1358 644 stella
1404 582 1617 643 vesani
1663 580 1903 657 Leonis,

1159 671 1287 733 sole
1335 671 1468 732 dies
1514 671 1823 732 referente
1871 671 2090 745 siccos;

979 814 1099 875 iam
1144 818 1357 895 pastor
1402 814 1649 874 umbras
1697 832 1834 873 cum
1879 831 2073 891 grege
2123 809 2412 891 languido

981 903 1301 982 rivumque
1349 903 1548 962 fessus
1596 903 1837 980 quaerit
1882 907 1945 960 et
1990 900 2217 960 horridi

1070 991 1318 1055 dumeta
1365 991 1617 1065 Silvani,
1665 999 1953 1068 caretque

1158 1079 1292 1160 ripa
1338 1079 1516 1157 vagis
1566 1078 1869 1139 taciturna
1914 1076 2136 1138 ventis.

984 1225 1048 1280 tu
1095 1220 1400 1280 civitatem
1448 1219 1585 1299 quis
1634 1220 1851 1279 deceat
1898 1224 2095 1278 status

984 1327 1178 1385 curae,
1228 1313 1292 1369 et
1337 1308 1472 1368 urbi
1521 1308 1814 1368 sollicitus
1856 1307 2037 1367 times

1072 1397 1215 1477 quid
1266 1394 1448 1457 Seres
1496 1402 1561 1457 et
1606 1400 1866 1475 regnata
1912 1393 2074 1475 Cyro

1159 1485 1385 1545 Bactra
1429 1489 1648 1565 parent
1693 1483 2040 1562 Tanaisque
2089 1482 2337 1543 discere.

984 1628 1256 1709 prudens
1303 1626 1488 1686 futuri
1537 1626 1826 1706 temporis
1873 1627 2107 1685 exitum

987 1714 1320 1795 caliginosa
1364 1719 1543 1775 nocte
1590 1714 1810 1795 premit
1857 1714 2008 1773 deus

1073 1803 1374 1882 ridetque,
1425 1803 1478 1863 si
1523 1802 1795 1863 mortalis
1842 1802 2003 1862 ultra

1081 1921 1086 1926 ·
1162 1892 1255 1953 fas
1302 1891 1586 1972 trepidat.
1636 1891 1797 1970 quod
1845 1892 2039 1964 adest,
2090 1893 2396 1948 memento

989 2050 1326 2113 conponere
1375 2051 1638 2111 aequus3
1686 2037 1892 2091 cetera
1938 2030 2203 2090 fluminis

987 2120 1110 2180 ritu
1154 2120 1452 2194 feruntur,
1501 2139 1662 2180 nunc
1709 2119 1907 2179 medio
1956 2119 2130 2178 alveo

1075 2227 1209 2268 cum
1258 2228 1408 2289 pace
1459 2208 1799 2268 delabentis
1847 2207 2173 2268 Etruscum

1163 2297 1223 2355 in
1272 2316 1454 2372 mare,
1502 2316 1662 2357 nunc
1708 2296 1944 2376 lapides
1991 2297 2210 2355 adesos

993 2439 1329 2520 stirpisque
1378 2447 1588 2520 raptas
1637 2445 1698 2500 et
1744 2457 1931 2519 pecus
1980 2441 2043 2496 et
2088 2438 2299 2498 domos

990 2528 1295 2587 volventis
1343 2547 1463 2588 una
1509 2546 1625 2587 non
1673 2527 1803 2586 sine
1850 2526 2147 2586 montium

1079 2616 1341 2676 clamore
1390 2615 1750 2694 vicinaeque
1798 2614 2011 2689 silvae,

1164 2723 1300 2764 cum
1346 2704 1478 2764 fera
1525 2703 1787 2764 diluvies
1834 2703 2072 2782 quietos

986 2846 1199 2905 inritat
1243 2855 1459 2905 amnis,
1507 2844 1612 2905 ille
1658 2856 1875 2925 potens
1920 2844 2018 2904 sui

988 2935 1312 3013 laetusque
1363 2935 1568 3012 deget,
1615 2934 1709 2994 cui
1756 2933 1901 2993 licet
1946 2933 2006 2992 in
2057 2931 2215 2991 diem

1078 3022 1336 3082 dixisse:
1387 3022 1582 3097 „vixi3
1629 3042 1764 3082 cras
1811 3022 1913 3081 vel
1960 3028 2093 3081 atra

1163 3111 1323 3170 nube
1368 3110 1573 3191 polum
1620 3117 1797 3191 pater
1842 3118 2132 3189 occupato

990 3252 1090 3312 vel
1138 3252 1265 3312 sole
1311 3271 1492 3333 pur03
1540 3272 1661 3313 non
1707 3261 1907 3311 tamen
1957 3250 2218 3323 inritum,

991 3341 1414 3420 quodcumque
1461 3352 1626 3401 retro
1673 3348 1787 3415 est,
1837 3339 2059 3399 efficiet
2102 3356 2305 3417 neque

1079 3429 1358 3508 diffinget
1404 3429 1813 3507 infectumque
1859 3428 2100 3503 reddet,

1168 3518 1325 3596 quod
1373 3517 1617 3596 fugiens
1665 3517 1855 3576 semel
1901 3516 2050 3576 hora
2094 3514 2283 3575 vexit.

991 3658 1280 3735 Fortuna,
1329 3678 1514 3719 saevo
1563 3659 1727 3718 laeta
1769 3658 2016 3737 negotio
2064 3663 2127 3717 et

990 3746 1198 3807 ludum
1248 3749 1607 3808 insolentem
1655 3747 1869 3807 ludere
1916 3745 2220 3826 pertinax,

1079 3840 1444 3896 transmutat
1489 3838 1754 3896 incertos
1800 3834 2081 3908 honores,

1166 3943 1326 3983 nunc
1373 3924 1533 3998 mihi,
1585 3943 1745 3983 nunc
1793 3922 1892 3983 alii
1943 3921 2220 3999 benigna.

990 4068 1172 4128 laudo
1220 4071 1593 4126 manentem:
1645 4065 1695 4123 si
1743 4064 1974 4125 celeres
2022 4062 2223 4143 quatit

988 4174 1242 4238 pennaS,
1289 4154 1553 4232 resign0,
1601 4173 1758 4232 quae
1806 4153 1995 4224 dedit,
2043 4159 2105 4211 et
2150 4170 2290 4212 mea

1079 4243 1308 4303 virtute
1355 4262 1452 4303 me
1501 4243 1746 4302 involvo
1794 4243 2166 4322 probamque

1169 4331 1518 4413 pauperiem
1566 4331 1696 4390 sine
1746 4330 1887 4389 dote
1934 4348 2181 4408 quaero.
