3059 4850
325 2684 381 2728 15

317 3124 385 3168 22³¹*

325 4324 385 4368 lli

1251 246 1496 290 HORATl
1532 244 1790 288 EPODON

846 419 954 455 [ων.
1004 403 1206 455 tantus
1252 411 1537 472 umquam
1584 393 1854 452 siderum
1903 391 2130 452 insedit
2177 409 2366 471 vapor

1018 482 1365 543 siticulosae
1413 479 1693 561 Apuliae,

846 595 954 631 ubi:
1002 590 1218 631 munus
1264 570 1491 629 umeris
1538 568 1804 630 efficacis
1851 567 2139 628 Herculis

1022 659 1233 719 inarsit
1276 657 1638 718 aestuosius.

846 767 906 807 at.
954 749 1002 807 :cii
1050 748 1194 827 quid
1242 765 1527 824 umquam
1575 745 1699 806 tale
1746 743 2188 824 concupiveris,

1022 839 1221 895 iocose
1266 834 1617 905 Maecenas,
1664 851 1882 914 precor

846 943 1083 983 manum
1131 922 1338 1003 puella
1383 924 1555 982 savio
1604 927 1869 1002 opponat
1913 928 2036 994 tuo,

1022 1020 1298 1075 extrema
1343 1017 1405 1070 et
1450 1010 1510 1070 in
1561 1010 1793 1091 sponda
1839 1008 2035 1069 cubet.

1472 1259 1594 1330 1V.

934 1432 1118 1515 Lupis
1166 1433 1227 1490 et
1272 1430 1450 1509 agnis
1497 1433 1729 1510 quanta
1775 1427 1986 1488 sortito
2035 1429 2269 1509 obtigit,

1110 1526 1307 1578 tecum
1354 1518 1499 1578 mihi
1548 1516 1852 1577 discordia
1897 1523 2010 1589 est,

934 1608 1235 1667 Hibericis
1282 1615 1532 1687 peruste
1581 1605 1826 1665 funibus
1875 1604 2035 1664 latus

1107 1707 1171 1756 et
1214 1714 1395 1756 crura
1444 1695 1600 1754 dura
1646 1694 1947 1773 conpede!

934 1787 1074 1844 licet
1118 1785 1417 1864 superbus
1465 1784 1740 1842 ambules
1785 1782 2058 1862 pecunia,

1107 1873 1347 1933 fortuna
1393 1891 1510 1931 non
1559 1879 1756 1930 mutat
1800 1889 2014 1949 genus.

938 1963 1205 2036 videsne,
1255 1958 1502 2020 Sacram
1554 1959 1840 2019 metiente
1888 1966 1948 2018 te
1997 1958 2157 2018 viam

1108 2068 1244 2109 cum
1293 2049 1387 2108 bis
1433 2048 1616 2108 trium
1664 2047 1944 2106 ulnarum
1993 2053 2157 2125 toga,

934 2147 1002 2199 ul:
1048 2157 1154 2199 ora
1200 2145 1405 2197 vertat
1450 2138 1570 2196 huc
1617 2140 1680 2195 et
1729 2135 1843 2194 huc
1891 2135 2164 2195 euntium

1111 2225 1417 2286 liberrima
1465 2220 1845 2303 indignatio?

937 2322 1176 2387 „sectus
1222 2313 1487 2392 flagellis
1539 2314 1632 2372 hic
1678 2310 2166 2372 triumviralibus

1108 2402 1425 2484 praeconis
1473 2401 1552 2461 ad
1598 2400 1909 2462 fastidium

934 2497 1066 2552 urat
1113 2491 1361 2553 Falerni
1408 2491 1573 2550 mille
1619 2490 1789 2549 fundi
1838 2489 2053 2568 iugera

1110 2587 1175 2640 et
1219 2579 1479 2660 Appiam
1527 2580 1765 2638 mannis
1814 2578 1957 2638 terit

938 2668 1347 2748 sedilibusque
1396 2686 1655 2747 magnus
1703 2667 1764 2726 in
1811 2664 2023 2746 primis
2069 2683 2258 2743 eques

1111 2755 1352 2817 Othone
1399 2761 1748 2835 contempto
1797 2754 1993 2814 sedet.

938 2847 1080 2924 quid
1129 2846 1366 2905 adtinet
1411 2851 1501 2904 tot
1547 2863 1653 2904 ora
1698 2843 1944 2903 navium
1992 2841 2167 2921 gravi

1109 2937 1374 2993 rostrata
1421 2933 1560 2992 duci
1608 2931 1877 3012 pondere

938 3026 1145 3084 santra
1189 3021 1459 3082 latrones
1506 3027 1692 3100 atque
1739 3018 2027 3080 servilem
2073 3036 2334 3091 manum,

1110 3109 1241 3183 hoc,
1289 3109 1398 3169 hoc
1446 3109 1686 3168 tribuno
1733 3107 2071 3167 militum?“

1478 3341 1564 3412 V.

850 3520 970 3576 ,Ait
1022 3536 1053 3576 o
1101 3515 1349 3576 deorum
1399 3513 1697 3594 quidquid
1743 3512 1806 3573 in
1855 3511 2024 3572 caelo
2068 3511 2231 3591 regit

1026 3616 1219 3664 terras
1265 3606 1330 3662 et
1377 3604 1702 3661 humanum
1752 3620 1967 3681 genus,

850 3694 990 3768 quin]
1042 3692 1157 3751 iste
1207 3691 1327 3751 fert
1373 3691 1687 3765 tumultus,
1735 3693 1840 3750 aut
1887 3689 2037 3768 quid
2081 3687 2343 3749 omnium

1030 3779 1228 3839 voltus
1274 3780 1334 3839 in
1382 3798 1570 3839 unum
1614 3798 1711 3838 me
1759 3778 2003 3838 truces?

854 3892 902 3948 1⁸*
934 3892 958 3928 1·
1010 3868 1227 3928 liberos
1274 3877 1354 3939 te,
1401 3867 1453 3926 si
1499 3873 1720 3927 vocata
1765 3866 2062 3946 partubus

1026 3955 1254 4017 Lucina
1301 3955 1467 4015 veris
1514 3955 1730 4030 adsuit,

854 4068 954 4124 μεν
1006 4048 1120 4105 boc
1164 4044 1344 4103 inane
1389 4061 1696 4123 purpurae
1747 4042 1936 4102 decus
1982 4058 2216 4121 precor,

1026 4152 1135 4212 per
1179 4132 1636 4212 inprobaturum
1684 4131 1837 4190 haec
1882 4128 2114 4203 Iovem,

850 4224 991 4300 quill
1042 4225 1109 4280 ut
1152 4239 1420 4280 noverca
1465 4238 1562 4279 mc
1608 4218 1863 4278 intueris
1909 4224 2016 4277 aut
2057 4217 2147 4277 uti

1026 4309 1214 4389 petita
1261 4308 1425 4368 ferro
1472 4303 1738 4368 belua?“
