<?xml version="1.0" encoding="UTF-8"?>
<!DOCTYPE html PUBLIC "-//W3C//DTD XHTML 1.0 Transitional//EN"
    "http://www.w3.org/TR/xhtml1/DTD/xhtml1-transitional.dtd">
<html xmlns="http://www.w3.org/1999/xhtml" xml:lang="en" lang="en">
 <head>
  <title>
</title>
<meta http-equiv="Content-Type" content="text/html;charset=utf-8" />
  <meta name='ocr-system' content='tesseract 3.04.00' />
  <meta name='ocr-capabilities' content='ocr_page ocr_carea ocr_par ocr_line ocrx_word'/>
</head>
<body>
  <div class='ocr_page' id='page_1' title='image "./odenundepoden01horagoog/odenundepoden01horagoog_0079.png"; bbox 0 0 3059 4850; ppageno 0'>
   <div class='ocr_carea' id='block_1_1' title="bbox 544 281 861 341">
    <p class='ocr_par' dir='ltr' id='par_1_1' title="bbox 544 281 861 341">
     <span class='ocr_line' id='line_1_1' title="bbox 544 281 861 341; baseline -0.019 -17"><span class='ocrx_word' id='word_1_1' title='bbox 544 281 604 326; x_wconf 65' lang='grc' dir='ltr'><strong><em>[ΑΒ.</em></strong></span> <span class='ocrx_word' id='word_1_2' title='bbox 619 281 663 341; x_wconf 76' lang='lat'><em>111.</em></span> <span class='ocrx_word' id='word_1_3' title='bbox 677 282 861 320; x_wconf 76' lang='lat' dir='ltr'>xxva-1111.</span> 
     </span>
    </p>
   </div>
   <div class='ocr_carea' id='block_1_2' title="bbox 359 426 1007 753">
    <p class='ocr_par' dir='ltr' id='par_1_2' title="bbox 359 426 899 490">
     <span class='ocr_line' id='line_1_2' title="bbox 359 426 899 490; baseline -0.007 0"><span class='ocrx_word' id='word_1_4' title='bbox 359 448 439 490; x_wconf 84' lang='lat' dir='ltr'>uxor</span> <span class='ocrx_word' id='word_1_5' title='bbox 461 428 567 488; x_wconf 81' lang='lat' dir='ltr'>invicti</span> <span class='ocrx_word' id='word_1_6' title='bbox 588 426 673 488; x_wconf 89' lang='lat' dir='ltr'>Iovis</span> <span class='ocrx_word' id='word_1_7' title='bbox 696 446 766 487; x_wconf 89' lang='lat' dir='ltr'>esse</span> <span class='ocrx_word' id='word_1_8' title='bbox 790 426 899 487; x_wconf 85' lang='lat' dir='ltr'>nescis.</span> 
     </span>
    </p>

    <p class='ocr_par' dir='ltr' id='par_1_3' title="bbox 359 515 1007 596">
     <span class='ocr_line' id='line_1_3' title="bbox 359 515 1007 596; baseline -0.006 -18"><span class='ocrx_word' id='word_1_9' title='bbox 359 517 448 578; x_wconf 91' lang='lat' dir='ltr'>mitte</span> <span class='ocrx_word' id='word_1_10' title='bbox 471 515 635 596; x_wconf 84' lang='lat' dir='ltr'>singultus,</span> <span class='ocrx_word' id='word_1_11' title='bbox 658 516 737 576; x_wconf 90' lang='lat' dir='ltr'>bene</span> <span class='ocrx_word' id='word_1_12' title='bbox 760 516 842 576; x_wconf 86' lang='lat' dir='ltr'>serre</span> <span class='ocrx_word' id='word_1_13' title='bbox 866 534 1007 593; x_wconf 84' lang='lat' dir='ltr'>magnam</span> 
     </span>
    </p>

    <p class='ocr_par' dir='ltr' id='par_1_4' title="bbox 362 604 941 753">
     <span class='ocr_line' id='line_1_4' title="bbox 362 604 941 666; baseline -0.005 -1"><span class='ocrx_word' id='word_1_14' title='bbox 362 606 445 666; x_wconf 89' lang='lat' dir='ltr'>disee</span> <span class='ocrx_word' id='word_1_15' title='bbox 468 606 633 665; x_wconf 84' lang='lat' dir='ltr'>fortunam:</span> <span class='ocrx_word' id='word_1_16' title='bbox 658 609 710 663; x_wconf 91' lang='lat' dir='ltr'>tua</span> <span class='ocrx_word' id='word_1_17' title='bbox 734 615 836 664; x_wconf 89' lang='lat' dir='ltr'>sectus</span> <span class='ocrx_word' id='word_1_18' title='bbox 859 604 941 663; x_wconf 88' lang='lat' dir='ltr'>orbis</span> 
     </span>
     <span class='ocr_line' id='line_1_5' title="bbox 450 693 713 753; baseline -0.008 0"><span class='ocrx_word' id='word_1_19' title='bbox 450 693 571 753; x_wconf 87' lang='lat' dir='ltr'>nomina</span> <span class='ocrx_word' id='word_1_20' title='bbox 594 694 713 753; x_wconf 89' lang='lat' dir='ltr'>ducet.“</span> 
     </span>
    </p>
   </div>
   <div class='ocr_carea' id='block_1_3' title="bbox 615 889 780 963">
    <p class='ocr_par' dir='ltr' id='par_1_5' title="bbox 615 889 780 963">
     <span class='ocr_line' id='line_1_6' title="bbox 615 889 780 963; baseline 0.006 -3"><span class='ocrx_word' id='word_1_21' title='bbox 615 889 780 963; x_wconf 86' lang='lat' dir='ltr'>XXVIII.</span> 
     </span>
    </p>
   </div>
   <div class='ocr_carea' id='block_1_4' title="bbox 305 1026 1036 1372">
    <p class='ocr_par' dir='ltr' id='par_1_6' title="bbox 305 1026 699 1107">
     <span class='ocr_line' id='line_1_7' title="bbox 305 1026 699 1107; baseline -0.005 -19"><span class='ocrx_word' id='word_1_22' title='bbox 305 1027 403 1089; x_wconf 77' lang='lat' dir='ltr'>Festo</span> <span class='ocrx_word' id='word_1_23' title='bbox 427 1027 501 1107; x_wconf 87' lang='lat' dir='ltr'>quid</span> <span class='ocrx_word' id='word_1_24' title='bbox 525 1027 625 1107; x_wconf 90' lang='lat' dir='ltr'>potius</span> <span class='ocrx_word' id='word_1_25' title='bbox 650 1026 699 1086; x_wconf 90' lang='lat' dir='ltr'>die</span> 
     </span>
    </p>

    <p class='ocr_par' dir='ltr' id='par_1_7' title="bbox 305 1113 1036 1284">
     <span class='ocr_line' id='line_1_8' title="bbox 395 1113 1036 1197; baseline -0.006 -21"><span class='ocrx_word' id='word_1_26' title='bbox 395 1115 531 1197; x_wconf 80' lang='lat' dir='ltr'><strong>Neptuni</strong></span> <span class='ocrx_word' id='word_1_27' title='bbox 553 1114 683 1175; x_wconf 78' lang='lat' dir='ltr'>faciam?</span> <span class='ocrx_word' id='word_1_28' title='bbox 709 1133 814 1195; x_wconf 88' lang='lat' dir='ltr'>prome</span> <span class='ocrx_word' id='word_1_29' title='bbox 836 1113 1036 1188; x_wconf 81' lang='lat' dir='ltr'>reconditum,</span> 
     </span>
     <span class='ocr_line' id='line_1_9' title="bbox 305 1201 755 1284; baseline -0.007 -20"><span class='ocrx_word' id='word_1_30' title='bbox 305 1201 396 1284; x_wconf 54' lang='lat' dir='ltr'>‘Lyde</span> <span class='ocrx_word' id='word_1_31' title='bbox 420 1211 557 1277; x_wconf 87' lang='lat' dir='ltr'>strenua,</span> <span class='ocrx_word' id='word_1_32' title='bbox 581 1202 755 1265; x_wconf 76' lang='lat' dir='ltr'>Caecubum</span> 
     </span>
    </p>

    <p class='ocr_par' dir='ltr' id='par_1_8' title="bbox 395 1289 1011 1372">
     <span class='ocr_line' id='line_1_10' title="bbox 395 1289 1011 1372; baseline -0.005 -20"><span class='ocrx_word' id='word_1_33' title='bbox 395 1292 590 1371; x_wconf 89' lang='lat' dir='ltr'>munitaeque</span> <span class='ocrx_word' id='word_1_34' title='bbox 615 1292 724 1351; x_wconf 82' lang='lat' dir='ltr'><strong>adhibe</strong></span> <span class='ocrx_word' id='word_1_35' title='bbox 748 1291 811 1351; x_wconf 84' lang='lat' dir='ltr'>vim</span> <span class='ocrx_word' id='word_1_36' title='bbox 835 1289 1011 1372; x_wconf 80' lang='lat' dir='ltr'>sapientiae.</span> 
     </span>
    </p>
   </div>
   <div class='ocr_carea' id='block_1_5' title="bbox 303 1432 1063 1776">
    <p class='ocr_par' dir='ltr' id='par_1_9' title="bbox 303 1432 635 1493">
     <span class='ocr_line' id='line_1_11' title="bbox 303 1432 635 1493; baseline 0 -2"><span class='ocrx_word' id='word_1_37' title='bbox 303 1433 453 1493; x_wconf 85' lang='lat' dir='ltr'>inclinare</span> <span class='ocrx_word' id='word_1_38' title='bbox 477 1432 635 1492; x_wconf 80' lang='lat' dir='ltr'>meridiem</span> 
     </span>
    </p>

    <p class='ocr_par' dir='ltr' id='par_1_10' title="bbox 303 1519 1020 1690">
     <span class='ocr_line' id='line_1_12' title="bbox 395 1519 1020 1594; baseline -0.005 -13"><span class='ocrx_word' id='word_1_39' title='bbox 395 1520 490 1581; x_wconf 88' lang='lat' dir='ltr'>sentis</span> <span class='ocrx_word' id='word_1_40' title='bbox 515 1527 555 1594; x_wconf 90' lang='lat' dir='ltr'>et,</span> <span class='ocrx_word' id='word_1_41' title='bbox 579 1519 676 1581; x_wconf 84' lang='lat' dir='ltr'>veluti</span> <span class='ocrx_word' id='word_1_42' title='bbox 700 1521 762 1580; x_wconf 86' lang='lat' dir='ltr'>stet</span> <span class='ocrx_word' id='word_1_43' title='bbox 784 1519 920 1581; x_wconf 82' lang='lat' dir='ltr'>uolucris</span> <span class='ocrx_word' id='word_1_44' title='bbox 944 1519 1020 1592; x_wconf 83' lang='lat' dir='ltr'>dies,</span> 
     </span>
     <span class='ocr_line' id='line_1_13' title="bbox 303 1608 703 1690; baseline -0.005 -20"><span class='ocrx_word' id='word_1_45' title='bbox 303 1609 406 1689; x_wconf 88' lang='lat' dir='ltr'>parcis</span> <span class='ocrx_word' id='word_1_46' title='bbox 431 1608 571 1690; x_wconf 85' lang='lat' dir='ltr'>deripere</span> <span class='ocrx_word' id='word_1_47' title='bbox 595 1609 703 1669; x_wconf 85' lang='lat' dir='ltr'>horreo</span> 
     </span>
    </p>

    <p class='ocr_par' dir='ltr' id='par_1_11' title="bbox 395 1694 1063 1776">
     <span class='ocr_line' id='line_1_14' title="bbox 395 1694 1063 1776; baseline -0.004 -19"><span class='ocrx_word' id='word_1_48' title='bbox 395 1706 567 1758; x_wconf 78' lang='lat' dir='ltr'>cessantem</span> <span class='ocrx_word' id='word_1_49' title='bbox 591 1695 693 1756; x_wconf 90' lang='lat' dir='ltr'>Bibuli</span> <span class='ocrx_word' id='word_1_50' title='bbox 717 1695 850 1755; x_wconf 90' lang='lat' dir='ltr'>consulis</span> <span class='ocrx_word' id='word_1_51' title='bbox 874 1694 1063 1776; x_wconf 88' lang='lat' dir='ltr'>amphoram!</span> 
     </span>
    </p>
   </div>
   <div class='ocr_carea' id='block_1_6' title="bbox 301 1837 1087 2182">
    <p class='ocr_par' dir='ltr' id='par_1_12' title="bbox 301 1837 727 1900">
     <span class='ocr_line' id='line_1_15' title="bbox 301 1837 727 1900; baseline -0.005 -2"><span class='ocrx_word' id='word_1_52' title='bbox 301 1858 361 1900; x_wconf 88' lang='lat' dir='ltr'>nos</span> <span class='ocrx_word' id='word_1_53' title='bbox 386 1838 573 1899; x_wconf 84' lang='lat' dir='ltr'>cantabimus</span> <span class='ocrx_word' id='word_1_54' title='bbox 596 1837 727 1897; x_wconf 80' lang='lat' dir='ltr'>invicem</span> 
     </span>
    </p>

    <p class='ocr_par' dir='ltr' id='par_1_13' title="bbox 302 1923 1087 2093">
     <span class='ocr_line' id='line_1_16' title="bbox 393 1923 1087 2008; baseline -0.004 -22"><span class='ocrx_word' id='word_1_55' title='bbox 393 1925 570 2008; x_wconf 86' lang='lat' dir='ltr'>Neptunum</span> <span class='ocrx_word' id='word_1_56' title='bbox 594 1934 626 1988; x_wconf 90' lang='lat' dir='ltr'>et</span> <span class='ocrx_word' id='word_1_57' title='bbox 648 1925 757 1986; x_wconf 80' lang='lat' dir='ltr'>viridrs</span> <span class='ocrx_word' id='word_1_58' title='bbox 781 1923 949 1986; x_wconf 87' lang='lat' dir='ltr'>Nereidum</span> <span class='ocrx_word' id='word_1_59' title='bbox 973 1944 1087 1999; x_wconf 73' lang='lat' dir='ltr'>comas3</span> 
     </span>
     <span class='ocr_line' id='line_1_17' title="bbox 302 2014 692 2093; baseline -0.003 -18"><span class='ocrx_word' id='word_1_60' title='bbox 302 2019 340 2075; x_wconf 83' lang='lat' dir='ltr'>tu</span> <span class='ocrx_word' id='word_1_61' title='bbox 364 2033 458 2075; x_wconf 88' lang='lat' dir='ltr'>curva</span> <span class='ocrx_word' id='word_1_62' title='bbox 480 2016 600 2076; x_wconf 85' lang='lat' dir='ltr'>recines</span> <span class='ocrx_word' id='word_1_63' title='bbox 624 2014 692 2093; x_wconf 89' lang='lat' dir='ltr'>lyra</span> 
     </span>
    </p>

    <p class='ocr_par' dir='ltr' id='par_1_14' title="bbox 394 2099 1056 2182">
     <span class='ocr_line' id='line_1_18' title="bbox 394 2099 1056 2182; baseline -0.005 -19"><span class='ocrx_word' id='word_1_64' title='bbox 394 2102 539 2163; x_wconf 86' lang='lat' dir='ltr'>Latonam</span> <span class='ocrx_word' id='word_1_65' title='bbox 562 2108 594 2164; x_wconf 92' lang='lat' dir='ltr'>et</span> <span class='ocrx_word' id='word_1_66' title='bbox 616 2102 725 2163; x_wconf 87' lang='lat' dir='ltr'>celeris</span> <span class='ocrx_word' id='word_1_67' title='bbox 748 2100 866 2182; x_wconf 89' lang='lat' dir='ltr'>spicula</span> <span class='ocrx_word' id='word_1_68' title='bbox 889 2099 1056 2182; x_wconf 76' lang='lat' dir='ltr'>CynthIae3</span> 
     </span>
    </p>
   </div>
   <div class='ocr_carea' id='block_1_7' title="bbox 213 2242 832 2324">
    <p class='ocr_par' dir='ltr' id='par_1_15' title="bbox 213 2242 832 2324">
     <span class='ocr_line' id='line_1_19' title="bbox 213 2242 832 2324; baseline -0.003 -19"><span class='ocrx_word' id='word_1_69' title='bbox 213 2255 216 2261; x_wconf 86' lang='lat'>&#39;</span> <span class='ocrx_word' id='word_1_70' title='bbox 301 2263 423 2306; x_wconf 87' lang='lat' dir='ltr'>summo</span> <span class='ocrx_word' id='word_1_71' title='bbox 446 2246 588 2320; x_wconf 87' lang='lat' dir='ltr'>carmine,</span> <span class='ocrx_word' id='word_1_72' title='bbox 612 2263 691 2324; x_wconf 90' lang='lat' dir='ltr'>quae</span> <span class='ocrx_word' id='word_1_73' title='bbox 715 2242 832 2305; x_wconf 80' lang='lat' dir='ltr'>Cnidon</span> 
     </span>
    </p>
   </div>
   <div class='ocr_carea' id='block_1_8' title="bbox 301 2329 1106 2589">
    <p class='ocr_par' dir='ltr' id='par_1_16' title="bbox 301 2329 1106 2589">
     <span class='ocr_line' id='line_1_20' title="bbox 375 2329 1106 2413; baseline -0.001 -21"><span class='ocrx_word' id='word_1_74' title='bbox 375 2332 604 2413; x_wconf 17' lang='lat' dir='ltr'>&lt;fulgentisque</span> <span class='ocrx_word' id='word_1_75' title='bbox 627 2337 714 2393; x_wconf 87' lang='lat' dir='ltr'>tenet</span> <span class='ocrx_word' id='word_1_76' title='bbox 736 2329 890 2412; x_wconf 80' lang='lat' dir='ltr'>Cycladas</span> <span class='ocrx_word' id='word_1_77' title='bbox 912 2338 945 2392; x_wconf 90' lang='lat' dir='ltr'>et</span> <span class='ocrx_word' id='word_1_78' title='bbox 967 2330 1106 2413; x_wconf 89' lang='lat' dir='ltr'>Paphum</span> 
     </span>
     <span class='ocr_line' id='line_1_21' title="bbox 301 2421 681 2495; baseline 0 -14"><span class='ocrx_word' id='word_1_79' title='bbox 301 2421 417 2483; x_wconf 77' lang='lat' dir='ltr'>iunctis</span> <span class='ocrx_word' id='word_1_80' title='bbox 441 2422 515 2482; x_wconf 84' lang='lat' dir='ltr'>visit</span> <span class='ocrx_word' id='word_1_81' title='bbox 538 2422 681 2495; x_wconf 89' lang='lat' dir='ltr'>oloribus,</span> 
     </span>
     <span class='ocr_line' id='line_1_22' title="bbox 394 2508 1013 2589; baseline -0.003 -19"><span class='ocrx_word' id='word_1_82' title='bbox 394 2511 521 2585; x_wconf 84' lang='lat' dir='ltr'>dicetur,</span> <span class='ocrx_word' id='word_1_83' title='bbox 546 2509 654 2570; x_wconf 86' lang='lat' dir='ltr'>merita</span> <span class='ocrx_word' id='word_1_84' title='bbox 678 2508 748 2570; x_wconf 87' lang='lat' dir='ltr'>Nox</span> <span class='ocrx_word' id='word_1_85' title='bbox 772 2529 891 2589; x_wconf 90' lang='lat' dir='ltr'>quoque</span> <span class='ocrx_word' id='word_1_86' title='bbox 915 2510 1013 2569; x_wconf 89' lang='lat' dir='ltr'>nenia.</span> 
     </span>
    </p>
   </div>
   <div class='ocr_carea' id='block_1_9' title="bbox 636 2725 765 2797">
    <p class='ocr_par' dir='ltr' id='par_1_17' title="bbox 636 2725 765 2797">
     <span class='ocr_line' id='line_1_23' title="bbox 636 2725 765 2797; baseline 0.008 -1"><span class='ocrx_word' id='word_1_87' title='bbox 636 2725 765 2797; x_wconf 89' lang='lat' dir='ltr'>XXIX.</span> 
     </span>
    </p>
   </div>
   <div class='ocr_carea' id='block_1_10' title="bbox 358 2861 990 3208">
    <p class='ocr_par' dir='ltr' id='par_1_18' title="bbox 358 2861 990 3208">
     <span class='ocr_line' id='line_1_24' title="bbox 358 2861 923 2943; baseline -0.004 -20"><span class='ocrx_word' id='word_1_88' title='bbox 358 2861 520 2943; x_wconf 82' lang='lat' dir='ltr'>Tyrrhena</span> <span class='ocrx_word' id='word_1_89' title='bbox 542 2882 650 2941; x_wconf 86' lang='lat' dir='ltr'>regum</span> <span class='ocrx_word' id='word_1_90' title='bbox 673 2862 846 2943; x_wconf 82' lang='lat' dir='ltr'>progenies,</span> <span class='ocrx_word' id='word_1_91' title='bbox 870 2863 923 2922; x_wconf 89' lang='lat' dir='ltr'>tibi</span> 
     </span>
     <span class='ocr_line' id='line_1_25' title="bbox 359 2951 959 3014; baseline 0.002 -4"><span class='ocrx_word' id='word_1_92' title='bbox 359 2970 418 3011; x_wconf 88' lang='lat' dir='ltr'>non</span> <span class='ocrx_word' id='word_1_93' title='bbox 442 2958 512 3014; x_wconf 87' lang='lat' dir='ltr'>ante</span> <span class='ocrx_word' id='word_1_94' title='bbox 535 2970 626 3011; x_wconf 85' lang='lat' dir='ltr'>verso</span> <span class='ocrx_word' id='word_1_95' title='bbox 650 2951 718 3010; x_wconf 91' lang='lat' dir='ltr'>lene</span> <span class='ocrx_word' id='word_1_96' title='bbox 742 2970 860 3011; x_wconf 89' lang='lat' dir='ltr'>merum</span> <span class='ocrx_word' id='word_1_97' title='bbox 884 2951 959 3011; x_wconf 85' lang='lat' dir='ltr'>cado</span> 
     </span>
     <span class='ocr_line' id='line_1_26' title="bbox 402 3038 990 3114; baseline 0.002 -16"><span class='ocrx_word' id='word_1_98' title='bbox 402 3057 470 3098; x_wconf 89' lang='lat' dir='ltr'>eum</span> <span class='ocrx_word' id='word_1_99' title='bbox 493 3038 577 3112; x_wconf 88' lang='lat' dir='ltr'>flore,</span> <span class='ocrx_word' id='word_1_100' title='bbox 601 3039 773 3114; x_wconf 88' lang='lat' dir='ltr'>Maecenas,</span> <span class='ocrx_word' id='word_1_101' title='bbox 797 3058 935 3100; x_wconf 88' lang='lat' dir='ltr'>rosarum</span> <span class='ocrx_word' id='word_1_102' title='bbox 958 3043 990 3100; x_wconf 88' lang='lat' dir='ltr'>et</span> 
     </span>
     <span class='ocr_line' id='line_1_27' title="bbox 446 3127 930 3208; baseline 0 -22"><span class='ocrx_word' id='word_1_103' title='bbox 446 3146 554 3208; x_wconf 88' lang='lat' dir='ltr'>pressa</span> <span class='ocrx_word' id='word_1_104' title='bbox 577 3127 638 3187; x_wconf 91' lang='lat' dir='ltr'>tuis</span> <span class='ocrx_word' id='word_1_105' title='bbox 660 3128 789 3188; x_wconf 85' lang='lat' dir='ltr'>balanus</span> <span class='ocrx_word' id='word_1_106' title='bbox 813 3128 930 3208; x_wconf 90' lang='lat' dir='ltr'>capillis</span> 
     </span>
    </p>
   </div>
   <div class='ocr_carea' id='block_1_11' title="bbox 357 3266 1116 3613">
    <p class='ocr_par' dir='ltr' id='par_1_19' title="bbox 357 3266 1116 3613">
     <span class='ocr_line' id='line_1_28' title="bbox 357 3266 1116 3348; baseline 0 -21"><span class='ocrx_word' id='word_1_107' title='bbox 357 3266 418 3327; x_wconf 88' lang='lat' dir='ltr'>iarn</span> <span class='ocrx_word' id='word_1_108' title='bbox 441 3268 555 3328; x_wconf 92' lang='lat' dir='ltr'>dudum</span> <span class='ocrx_word' id='word_1_109' title='bbox 580 3269 661 3348; x_wconf 87' lang='lat' dir='ltr'>apud</span> <span class='ocrx_word' id='word_1_110' title='bbox 684 3288 731 3328; x_wconf 90' lang='lat' dir='ltr'>me</span> <span class='ocrx_word' id='word_1_111' title='bbox 756 3273 817 3328; x_wconf 89' lang='lat' dir='ltr'>est:</span> <span class='ocrx_word' id='word_1_112' title='bbox 841 3268 926 3348; x_wconf 90' lang='lat' dir='ltr'>eripe</span> <span class='ocrx_word' id='word_1_113' title='bbox 949 3273 981 3329; x_wconf 85' lang='lat' dir='ltr'>te</span> <span class='ocrx_word' id='word_1_114' title='bbox 1004 3286 1116 3342; x_wconf 91' lang='lat' dir='ltr'>morae,</span> 
     </span>
     <span class='ocr_line' id='line_1_29' title="bbox 359 3356 1001 3437; baseline 0.002 -23"><span class='ocrx_word' id='word_1_115' title='bbox 359 3375 416 3416; x_wconf 87' lang='lat' dir='ltr'>nee</span> <span class='ocrx_word' id='word_1_116' title='bbox 438 3375 559 3437; x_wconf 86' lang='lat' dir='ltr'>semper</span> <span class='ocrx_word' id='word_1_117' title='bbox 581 3357 675 3416; x_wconf 91' lang='lat' dir='ltr'>udum</span> <span class='ocrx_word' id='word_1_118' title='bbox 699 3356 794 3417; x_wconf 79' lang='lat' dir='ltr'>Tibur</span> <span class='ocrx_word' id='word_1_119' title='bbox 818 3363 849 3417; x_wconf 90' lang='lat' dir='ltr'>et</span> <span class='ocrx_word' id='word_1_120' title='bbox 871 3357 1001 3417; x_wconf 86' lang='lat' dir='ltr'>Aefulae</span> 
     </span>
     <span class='ocr_line' id='line_1_30' title="bbox 404 3443 945 3525; baseline 0 -21"><span class='ocrx_word' id='word_1_121' title='bbox 404 3443 522 3505; x_wconf 83' lang='lat' dir='ltr'>declive</span> <span class='ocrx_word' id='word_1_122' title='bbox 546 3445 759 3525; x_wconf 88' lang='lat' dir='ltr'>contempleris</span> <span class='ocrx_word' id='word_1_123' title='bbox 783 3464 891 3505; x_wconf 83' lang='lat' dir='ltr'>arvum</span> <span class='ocrx_word' id='word_1_124' title='bbox 914 3448 945 3505; x_wconf 89' lang='lat' dir='ltr'>et</span> 
     </span>
     <span class='ocr_line' id='line_1_31' title="bbox 447 3532 898 3613; baseline 0.002 -20"><span class='ocrx_word' id='word_1_125' title='bbox 447 3532 594 3612; x_wconf 77' lang='lat' dir='ltr'>Telegoni</span> <span class='ocrx_word' id='word_1_126' title='bbox 617 3533 690 3613; x_wconf 87' lang='lat' dir='ltr'>iuga</span> <span class='ocrx_word' id='word_1_127' title='bbox 712 3533 898 3613; x_wconf 81' lang='lat' dir='ltr'>parricidae3</span> 
     </span>
    </p>
   </div>
   <div class='ocr_carea' id='block_1_12' title="bbox 357 3673 1113 4020">
    <p class='ocr_par' dir='ltr' id='par_1_20' title="bbox 357 3673 1113 4020">
     <span class='ocr_line' id='line_1_32' title="bbox 357 3673 876 3755; baseline 0.002 -22"><span class='ocrx_word' id='word_1_128' title='bbox 357 3673 548 3734; x_wconf 83' lang='lat' dir='ltr'>fastidiosam</span> <span class='ocrx_word' id='word_1_129' title='bbox 571 3675 680 3735; x_wconf 87' lang='lat' dir='ltr'>desere</span> <span class='ocrx_word' id='word_1_130' title='bbox 703 3675 819 3755; x_wconf 87' lang='lat' dir='ltr'>copiam</span> <span class='ocrx_word' id='word_1_131' title='bbox 844 3681 876 3735; x_wconf 90' lang='lat' dir='ltr'>et</span> 
     </span>
     <span class='ocr_line' id='line_1_33' title="bbox 358 3762 986 3843; baseline 0 -22"><span class='ocrx_word' id='word_1_132' title='bbox 358 3762 468 3821; x_wconf 89' lang='lat' dir='ltr'>molem</span> <span class='ocrx_word' id='word_1_133' title='bbox 490 3762 690 3843; x_wconf 87' lang='lat' dir='ltr'>propinquam</span> <span class='ocrx_word' id='word_1_134' title='bbox 713 3763 844 3822; x_wconf 90' lang='lat' dir='ltr'>nubibus</span> <span class='ocrx_word' id='word_1_135' title='bbox 868 3762 986 3838; x_wconf 76' lang='lat' dir='ltr'>arduis3</span> 
     </span>
     <span class='ocr_line' id='line_1_34' title="bbox 403 3850 768 3911; baseline -0.003 0"><span class='ocrx_word' id='word_1_136' title='bbox 403 3850 510 3911; x_wconf 89' lang='lat' dir='ltr'>omitte</span> <span class='ocrx_word' id='word_1_137' title='bbox 532 3851 636 3910; x_wconf 89' lang='lat' dir='ltr'>mirari</span> <span class='ocrx_word' id='word_1_138' title='bbox 660 3851 768 3911; x_wconf 86' lang='lat' dir='ltr'>beatae</span> 
     </span>
     <span class='ocr_line' id='line_1_35' title="bbox 445 3937 1113 4020; baseline 0.001 -23"><span class='ocrx_word' id='word_1_139' title='bbox 445 3938 560 4000; x_wconf 86' lang='lat' dir='ltr'>fumum</span> <span class='ocrx_word' id='word_1_140' title='bbox 584 3944 616 3998; x_wconf 85' lang='lat' dir='ltr'>et</span> <span class='ocrx_word' id='word_1_141' title='bbox 638 3958 712 4020; x_wconf 92' lang='lat' dir='ltr'>opes</span> <span class='ocrx_word' id='word_1_142' title='bbox 735 3938 957 4019; x_wconf 87' lang='lat' dir='ltr'>strepitumque</span> <span class='ocrx_word' id='word_1_143' title='bbox 981 3937 1113 3999; x_wconf 79' lang='lat' dir='ltr'>Romae!</span> 
     </span>
    </p>
   </div>
   <div class='ocr_carea' id='block_1_13' title="bbox 285 4076 1042 4425">
    <p class='ocr_par' dir='ltr' id='par_1_21' title="bbox 285 4076 1042 4425">
     <span class='ocr_line' id='line_1_36' title="bbox 357 4076 953 4159; baseline 0.003 -22"><span class='ocrx_word' id='word_1_144' title='bbox 357 4076 537 4159; x_wconf 87' lang='lat' dir='ltr'>plerumque</span> <span class='ocrx_word' id='word_1_145' title='bbox 560 4085 668 4159; x_wconf 86' lang='lat' dir='ltr'>gratae</span> <span class='ocrx_word' id='word_1_146' title='bbox 692 4079 837 4140; x_wconf 87' lang='lat' dir='ltr'>divitibus</span> <span class='ocrx_word' id='word_1_147' title='bbox 860 4079 953 4155; x_wconf 86' lang='lat' dir='ltr'>vices,</span> 
     </span>
     <span class='ocr_line' id='line_1_37' title="bbox 285 4167 1042 4249; baseline 0.004 -23"><span class='ocrx_word' id='word_1_148' title='bbox 285 4174 288 4184; x_wconf 93' lang='lat'>&#39;</span> <span class='ocrx_word' id='word_1_149' title='bbox 358 4167 550 4247; x_wconf 87' lang='lat' dir='ltr'>mundaeque</span> <span class='ocrx_word' id='word_1_150' title='bbox 572 4186 668 4248; x_wconf 88' lang='lat' dir='ltr'>parvo</span> <span class='ocrx_word' id='word_1_151' title='bbox 691 4170 748 4228; x_wconf 89' lang='lat' dir='ltr'>sub</span> <span class='ocrx_word' id='word_1_152' title='bbox 773 4167 852 4229; x_wconf 87' lang='lat' dir='ltr'>Lare</span> <span class='ocrx_word' id='word_1_153' title='bbox 874 4187 1042 4249; x_wconf 89' lang='lat' dir='ltr'>pauperum</span> 
     </span>
     <span class='ocr_line' id='line_1_38' title="bbox 403 4256 885 4317; baseline 0.002 -2"><span class='ocrx_word' id='word_1_154' title='bbox 403 4273 496 4316; x_wconf 90' lang='lat' dir='ltr'>cenas</span> <span class='ocrx_word' id='word_1_155' title='bbox 520 4256 586 4317; x_wconf 84' lang='lat' dir='ltr'>siue</span> <span class='ocrx_word' id='word_1_156' title='bbox 609 4256 725 4317; x_wconf 88' lang='lat' dir='ltr'>aulaeis</span> <span class='ocrx_word' id='word_1_157' title='bbox 749 4261 780 4316; x_wconf 87' lang='lat' dir='ltr'>et</span> <span class='ocrx_word' id='word_1_158' title='bbox 802 4260 885 4316; x_wconf 87' lang='lat' dir='ltr'>ostro</span> 
     </span>
     <span class='ocr_line' id='line_1_39' title="bbox 447 4343 969 4425; baseline 0.004 -22"><span class='ocrx_word' id='word_1_159' title='bbox 447 4343 605 4405; x_wconf 86' lang='lat' dir='ltr'>sollicitam</span> <span class='ocrx_word' id='word_1_160' title='bbox 631 4344 807 4425; x_wconf 81' lang='lat' dir='ltr'>explicuere</span> <span class='ocrx_word' id='word_1_161' title='bbox 830 4345 969 4405; x_wconf 84' lang='lat' dir='ltr'>frontem.</span> 
     </span>
    </p>
   </div>
   <div class='ocr_carea' id='block_1_14' title="bbox 0 0 1534 4850">
    <p class='ocr_par' dir='ltr' id='par_1_22' title="bbox 0 0 1534 4850">
     <span class='ocr_line' id='line_1_40' title="bbox 0 0 1534 4850; baseline 0 0"><span class='ocrx_word' id='word_1_162' title='bbox 0 0 1534 4850; x_wconf 95' lang='lat' dir='ltr'> </span> 
     </span>
    </p>
   </div>
  </div>
 </body>
</html>
