3059 4850
456 242 477 298 1
493 238 577 298 [ll]

380 1394 440 1438 ln

378 1836 436 1882 15

344 3091 400 3139 1ss

340 3535 400 3579 15

1294 269 1818 315 HOBATIEPODON

1449 420 1642 491 XIV.

801 592 1017 652 Mollis.
1050 591 1270 652 inertia
1316 611 1424 652 cur
1472 599 1702 653 tantam
1750 592 2063 654 diffuderit
2109 595 2246 655 imis

973 681 1336 741 oblivionem
1383 682 1682 756 sensibus,

801 769 1012 850 pocula
1057 767 1359 829 Lethaeos
1404 779 1474 829 ut
1517 771 1570 828 si
1618 770 1903 830 ducentia
1947 789 2190 831 somnos

973 864 1186 917 arente
1229 859 1406 918 fauce
1454 858 1768 931 traxerim,

797 946 1056 1006 ==caudide
1101 946 1453 1020 Maecenas,
1500 946 1726 1007 occidis
1773 964 1959 1027 saepe
2005 949 2307 1026 rogando:

973 1035 1143 1106 deus,
1190 1034 1343 1093 deus
1388 1053 1525 1094 nam
1576 1055 1673 1094 me
1721 1040 1889 1095 vetat

801 1126 1070 1202 inceptos
1119 1122 1277 1196 olim,
1323 1123 1687 1202 promissum
1733 1142 1997 1196 carmen,
2043 1124 2277 1183 iambos

972 1211 1051 1271 ad
1097 1210 1444 1271 umbilicum
1491 1211 1816 1272 adducere.

801 1319 913 1358 uun
960 1299 1140 1360 aliter
1187 1297 1388 1360 Samio
1436 1300 1646 1360 dicunt
1689 1301 1916 1360 arsisse
1964 1298 2253 1380 Bathyllo

972 1388 1360 1448 Anacreonta
1406 1387 1639 1462 Teium,

797 1476 900 1554 qui
946 1495 1246 1556 persaepe
1294 1495 1447 1537 cava
1493 1476 1801 1537 testudine
1849 1476 2021 1537 flevit
2068 1494 2335 1536 amorem

969 1584 1088 1624 non
1136 1565 1508 1625 elaboratum
1556 1565 1636 1625 ad
1682 1566 1916 1645 pedem.

801 1652 992 1713 ureris
1038 1652 1172 1733 ipse
1218 1654 1419 1715 miser.
1467 1654 1688 1732 quodsi
1735 1673 1855 1713 non
1901 1653 2212 1732 pulchrior
2255 1653 2420 1732 ignis

969 1742 1250 1802 accendit
1294 1743 1606 1801 obsessam
1655 1740 1828 1814 Ilion,

797 1830 997 1906 gaude
1044 1840 1208 1890 sorte
1256 1837 1386 1905 tua3
1431 1850 1528 1889 me
1577 1829 1865 1890 libertina
1909 1848 2023 1888 nec
2068 1848 2188 1889 uno

972 1923 1256 1979 contenta
1303 1918 1550 1997 Phryne
1597 1924 1882 1978 macerat.

1473 2133 1627 2205 XV.

761 2306 898 2366 Nux
944 2308 1079 2365 erat
1124 2310 1188 2365 et
1233 2306 1400 2366 caelo
1448 2307 1724 2384 fulgebat
1771 2306 1915 2365 luna
1961 2324 2180 2366 sereno

898 2395 1092 2454 ·inter
1136 2393 1366 2456 minora
1412 2394 1635 2469 sidera,

761 2503 894 2543 teriam
941 2489 1026 2556 tu,
1071 2502 1430 2560 magnorum
1475 2503 1697 2543 numen
1743 2484 1990 2543 laesura
2036 2484 2310 2556 deorum,

930 2570 992 2630 in
1041 2572 1232 2630 verba
1278 2571 1522 2631 iurabas
1570 2592 1723 2645 mea,

761 2659 947 2719 artius
994 2663 1179 2737 atque
1228 2659 1458 2720 hedera
1507 2677 1759 2740 procera
1805 2659 2214 2738 adstringitur
2258 2660 2407 2731 ilex,

931 2746 1112 2806 lentis
1160 2748 1501 2808 adhaerens
1547 2748 1864 2822 bracchiis,

761 2839 899 2895 llum
946 2834 1150 2915 pecori
1197 2835 1378 2915 lupus
1425 2845 1489 2894 et
1531 2837 1731 2896 nautis
1778 2836 2039 2896 infestus
2086 2834 2277 2896 Orion

931 2924 1208 2983 turbaret
1251 2924 1569 2984 hibernum
1615 2943 1802 2997 mare,

761 3015 1151 3090 intonsosque
1199 3013 1466 3089 agitaret
1512 3012 1814 3093 Apollinis
1862 3029 2013 3071 aura
2058 3011 2335 3091 capilloS,

931 3100 1061 3160 fore
1109 3100 1272 3160 huno
1317 3120 1586 3160 amorem
1635 3107 1922 3160 mutuum.

757 3207 789 3247 u
841 3187 1104 3248 dolitura
1147 3207 1287 3248 mea
1331 3188 1587 3249 multum
1632 3190 1861 3249 virtute
1907 3186 2180 3248 Neaera!

931 3295 1071 3336 nam
1118 3278 1170 3336 si
1216 3277 1363 3356 quid
1412 3278 1472 3335 in
1522 3277 1741 3338 Flacco
1787 3276 1905 3335 viri
1952 3282 2066 3351 est,

757 3383 873 3423 nun
919 3365 1078 3425 feret
1126 3365 1418 3425 adsiduas
1465 3366 1681 3445 potiori
1727 3369 1787 3424 te
1836 3366 1983 3425 dare
2030 3367 2248 3438 noctis,

930 3457 995 3513 et
1041 3461 1300 3532 quaeret
1340 3453 1537 3513 iratus
1582 3471 1808 3531 parem,

757 3559 865 3599 uun
913 3541 1104 3602 semel
1150 3540 1416 3602 offensae
1463 3542 1646 3600 cedet
1690 3540 2033 3600 constantia
2078 3541 2330 3615 formae,

930 3629 980 3689 si
1029 3636 1236 3690 certus
1281 3628 1524 3688 intrarit
1571 3627 1758 3688 dolor.

757 3731 817 3775 cl,
865 3731 945 3793 tu,
990 3718 1357 3797 quicumque
1405 3736 1472 3775 es
1519 3716 1751 3775 felicior
1795 3720 1980 3794 atque
2023 3735 2161 3778 meo
2209 3737 2378 3779 nunc

929 3806 1229 3885 superbus
1276 3804 1510 3863 incedis
1558 3805 1732 3878 malo,

753 3895 837 3951 sis
883 3913 1102 3974 pecore
1153 3901 1215 3953 et
1261 3893 1455 3953 multa
1503 3892 1678 3952 dives
1726 3892 1947 3953 tellure
1993 3891 2223 3969 licebit,

928 3982 1157 4061 tibique
1205 3980 1493 4042 Pactolus
1541 3981 1706 4055 fluat,

753 4091 861 4131 mc
909 4076 971 4130 te
1017 4070 1411 4149 Pythagorae
1458 4069 1680 4149 fallant⁸
1720 4088 1943 4130 arcana
1988 4069 2205 4145 renati,

925 4160 1239 4238 formaque
1288 4159 1499 4217 vincas
1545 4155 1760 4216 Nirea:

753 4251 924 4322 elien,
973 4247 1300 4307 translatos
1347 4246 1464 4305 alio
1511 4244 1813 4305 maerebis
1860 4263 2115 4305 amoreS.

926 4340 1024 4396 ast
1068 4353 1185 4413 ego
1233 4369 1317 4378 —
1367 4334 1632 4394 vicissim
1680 4334 1889 4393 risero.
