3059 4850
513 234 593 282 ΗΜ

400 1510 461 1550 1¹11

390 2390 432 2434 εἰ
448 2394 457 2430 ι

384 3271 452 3319 ffl‘:

376 4151 444 4199 μ’]

1350 258 1593 302 HORATI
1624 259 1880 304 EPODON

1561 517 1652 587 ΙΙ.

924 701 1193 778 „Beatus
1237 703 1363 778 ille,
1409 704 1510 784 qui
1558 704 1770 785 procul
1815 706 2101 786 negotiis,

1101 795 1172 851 ut
1215 791 1417 872 prisca
1460 812 1617 872 gens
1665 794 2030 869 mortalium,

926 884 1184 959 paterna
1229 899 1374 942 rura
1419 882 1612 942 bobus
1658 889 1911 944 exercet
1955 883 2100 959 suis,

1102 967 1336 1029 solutus
1383 970 1545 1029 omni
1591 971 1858 1045 faenore,

924 1075 1122 1135 neque
1169 1056 1478 1118 excitatur
1523 1059 1778 1120 classico
1825 1060 2000 1121 miles
2048 1060 2206 1122 truci

1103 1163 1304 1224 neque
1352 1146 1559 1206 horret
1603 1146 1824 1208 iratum
1871 1168 2059 1224 mare,

924 1232 1240 1312 forumque
1286 1234 1443 1294 vitat
1486 1243 1552 1294 et
1596 1237 1863 1316 superba
1908 1237 2134 1298 civium

1100 1322 1507 1401 potentiorum
1554 1323 1775 1386 limina.

924 1427 1070 1488 ergo
1117 1415 1224 1469 aut
1270 1410 1481 1471 adulta
1526 1411 1739 1471 vitium
1789 1414 2126 1494 propagine

1099 1495 1256 1556 altas
1302 1499 1549 1559 maritat
1592 1501 1847 1580 populos

923 1588 1030 1645 aut
1074 1583 1136 1644 in
1183 1586 1439 1647 reducta
1484 1586 1651 1649 valle
1697 1589 2101 1669 mugientium

1098 1679 1452 1754 prospectat
1496 1681 1765 1736 errantIs
1813 1697 2041 1757 greges

922 1759 1235 1821 inutilrsve
1282 1762 1438 1823 falce
1485 1783 1687 1824 ramos
1734 1772 2054 1846 amputans

1095 1848 1396 1911 feliciores
1441 1851 1675 1927 inserit,

921 1941 1026 1999 aut
1069 1957 1285 2019 pressa
1326 1939 1494 2019 puris
1540 1940 1727 2001 mella
1772 1941 1978 2001 condit
2022 1942 2332 2024 amphoris

1097 2032 1204 2087 aut
1248 2028 1462 2088 tondet
1507 2027 1776 2089 infirmas
1823 2039 1975 2090 ovis.

920 2114 1022 2174 vel
1067 2134 1203 2175 cum
1251 2116 1538 2176 decorum
1584 2117 1829 2177 mitibus
1876 2118 2069 2198 pomis
2118 2124 2306 2200 caput

1094 2203 1442 2264 Autumnus
1490 2205 1657 2285 agris
1704 2205 1944 2281 extulit,

918 2292 989 2349 ut
1034 2292 1269 2371 gaudet
1311 2291 1561 2354 insitiva
1606 2294 1945 2374 decerpens
1990 2294 2125 2375 pira

1095 2383 1430 2442 certantem
1481 2387 1544 2442 et
1590 2401 1770 2444 uvam
1818 2401 2146 2465 purpurae,

918 2486 1040 2547 qua
1084 2477 1438 2529 muneretur
1482 2478 1566 2544 te,
1614 2470 1855 2552 Priape,
1903 2481 1969 2534 et
2015 2477 2095 2547 te,
2140 2477 2320 2554 pater

1095 2554 1361 2632 Silvane,
1410 2563 1577 2618 tutor
1622 2558 1859 2620 finium!

917 2643 1067 2704 libet
1110 2644 1313 2705 iacere
1361 2647 1537 2707 modo
1584 2648 1696 2707 sub
1744 2649 1994 2727 antiqua
2038 2646 2194 2724 ilice,

1094 2733 1271 2793 modo
1317 2733 1379 2793 in
1427 2734 1627 2795 tenaci
1674 2737 1975 2814 gramine;

917 2820 1202 2882 labuntur
1248 2820 1389 2881 altis
1434 2823 1676 2882 interim
1723 2825 1871 2905 ripis
1916 2844 2132 2904 aquae,

1090 2917 1433 2988 queruntur
1477 2912 1539 2971 in
1586 2911 1759 2972 silvis
1806 2932 1974 2987 aves,

914 2996 1235 3076 fontesque
1281 2998 1553 3079 lymphis
1599 3001 1961 3081 obstrepunt
2003 3001 2409 3076 manantibus,

1093 3103 1335 3146 somnos
1381 3088 1543 3165 quod
1592 3088 1812 3149 invitet
1855 3088 2031 3150 levis

915 3178 979 3233 at
1025 3191 1163 3234 cum
1211 3176 1477 3235 tonantis
1524 3195 1720 3236 annus
1770 3177 2058 3238 hibernus
2104 3177 2273 3239 Iovis

1067 3262 1304 3325 ⁴imbris
1350 3263 1636 3343 nistque
1683 3272 1993 3346 conparat,

913 3355 1020 3410 aut
1066 3350 1265 3411 trudit
1309 3358 1471 3413 achs
1520 3352 1659 3414 hinc
1706 3358 1770 3413 et
1819 3353 1955 3415 hinc
2002 3352 2194 3414 multa
2239 3371 2392 3416 cane

1090 3457 1269 3519 apros
1316 3440 1377 3499 in
1425 3441 1725 3501 obstanti's
1772 3441 2007 3522 plagae,

913 3530 1021 3587 aut
1066 3527 1250 3587 amite
1297 3527 1420 3588 levi
1465 3548 1609 3590 rara
1653 3530 1856 3590 tendit
1900 3530 2060 3591 retia

1090 3616 1289 3675 turdis
1337 3616 1629 3677 edacibus
1675 3618 1866 3693 dolos,

911 3702 1326 3783 pavidumque
1372 3704 1642 3785 leporem
1687 3713 1750 3766 et
1794 3707 2096 3768 advenam
2139 3706 2356 3786 laqueo
2389 3725 2603 3785 gruem

1085 3790 1354 3853 iucunda
1397 3799 1607 3873 captat
1651 3794 1937 3874 praemia.

910 3878 1049 3958 quis
1095 3898 1215 3940 non
1262 3881 1560 3941 malarum
1606 3901 1760 3961 quas
1808 3902 1976 3943 amor
2022 3902 2203 3944 curas
2253 3885 2435 3945 habet

1088 3967 1240 4027 haec
1286 3968 1446 4029 inter
1492 3968 1918 4031 obliviscitur?

911 4055 1130 4134 quodsi
1176 4056 1402 4137 pudica
1445 4059 1666 4118 mulier
1711 4059 1771 4119 in
1818 4064 2057 4139 partem
2104 4060 2279 4121 iuvet

1087 4144 1328 4204 domum
1377 4152 1561 4225 atque
1610 4147 1810 4207 dulc1s
1856 4147 2100 4222 liberos,

908 4229 1135 4293 Sabina
1180 4233 1377 4312 qualis
1425 4239 1530 4294 aut
1577 4240 1833 4315 perusta
1877 4236 2106 4297 solibus

1082 4321 1347 4402 pernicis
1397 4341 1556 4383 uxor
1600 4323 1808 4404 Apuli,

1581 4758 1674 4819 ..ac
1827 4721 1911 4815 ’.αἶ’
