3059 4850
501 222 581 280 54

396 670 461 718 lt}

396 3119 461 3163 115

388 3927 457 3971 24

1301 249 1539 294 HORATI
1570 249 1912 294 cARfflNUM

923 417 956 457 o
1002 397 1280 477 quamvis
1327 417 1525 476 neque
1576 404 1637 458 te
1682 416 1936 458 munera
1982 417 2094 459 nec
2142 418 2359 479 preces
2395 406 2400 412 ’

922 505 1035 546 nec
1082 486 1308 546 tinctus
1354 485 1519 546 viola
1564 486 1761 566 pallor
1809 487 2141 547 amantium

923 593 1039 635 nec
1086 573 1182 633 vir
1229 573 1431 633 Pieria
1477 574 1711 654 paelice
1760 573 2006 635 saucius

1097 666 1333 736 curvat,
1381 662 1755 742 supplicibus
1804 662 1921 722 tuis

923 822 1157 884 parcas,
1205 822 1318 864 nec
1365 803 1567 882 rigida
1613 802 1848 864 mollior
1893 803 2157 877 aescu10,

923 911 1035 953 nec
1081 892 1316 953 Mauris
1364 891 1632 951 animum
1681 891 1880 951 mitior
1929 890 2260 971 anguibus!

923 999 1042 1040 non
1089 981 1202 1041 hoc
1249 999 1490 1060 semper
1538 980 1655 1040 erit
1699 979 1923 1040 liminis
1970 986 2077 1040 aut
2123 999 2318 1059 aquae

1103 1067 1390 1128 caelestis
1435 1068 1677 1148 patiens
1725 1067 1910 1129 latus!

1551 1441 1671 1511 XI.

925 1609 1210 1686 Mercuri,
1257 1631 1394 1673 nam
1440 1615 1502 1673 te
1553 1613 1764 1673 docilis
1814 1615 2110 1693 magistro

925 1700 1118 1760 movit
1163 1701 1468 1780 Amphion
1515 1701 1754 1782 lapides
1802 1703 2095 1777 canend0,

925 1794 1132 1867 tuque,
1181 1790 1444 1865 testudo,
1493 1809 1783 1850 resonare
1831 1797 2065 1871 septem

1070 1876 1326 1937 callida
1367 1878 1594 1950 nerviS,

925 2036 1036 2078 nec
1079 2018 1309 2097 loquax
1356 2018 1496 2079 olim
1543 2037 1741 2097 neque
1788 2025 1984 2097 grata,
2033 2038 2192 2079 nunc
2240 2027 2304 2081 et

927 2106 1184 2166 divitum
1232 2106 1457 2166 mensis
1509 2114 1573 2167 et
1619 2106 1813 2167 amica
1862 2107 2123 2187 templis,

925 2194 1023 2254 dic
1067 2196 1296 2269 modos,
1343 2194 1522 2275 Lyde
1568 2195 1785 2273 quibus
1834 2195 2168 2256 obstinatas

1101 2281 1369 2362 adplicet
1414 2293 1611 2343 auris:

926 2441 1081 2503 quae
1130 2422 1301 2484 velut
1345 2424 1485 2485 latis
1532 2444 1689 2503 equa
1735 2424 1914 2485 trima
1960 2426 2187 2506 campis

923 2511 1082 2573 ludit
1128 2513 1387 2573 exultim
1435 2512 1774 2591 metuitque
1825 2514 2013 2593 tangi,

923 2600 1270 2680 nuptiarum
1317 2620 1542 2682 expers
1591 2606 1665 2679 et*
1699 2602 1898 2661 adhuc
1945 2608 2232 2681 prot-ervo

1101 2689 1292 2748 cruda
1335 2688 1567 2749 marito.

926 2833 991 2888 tu
1038 2839 1210 2908 potes
1258 2829 1439 2908 tigri's
1485 2830 1859 2909 comitesque
1909 2830 2098 2891 silvas

925 2917 1149 2977 ducere
1197 2921 1260 2977 et
1304 2917 1469 2977 rivos
1516 2917 1752 2978 celeres
1802 2919 2047 2995 morai-13

927 3004 1113 3065 cessit
1157 3005 1416 3065 inmanis
1465 3006 1573 3065 tibi
1621 3005 1956 3067 blandienti

1102 3092 1320 3153 ianitor
1367 3093 1543 3153 aulae

924 3232 1249 3309 Cerberus,
1295 3236 1576 3315 quamvis
1624 3235 1840 3295 furiale
1888 3242 2131 3296 centum

924 3323 1198 3383 muniant
1242 3342 1475 3402 angues
1525 3332 1709 3403 caput
1755 3324 1886 3383 eius
1934 3330 2120 3403 atque

923 3411 1172 3491 spiritus
1220 3416 1419 3472 taeter
1465 3412 1787 3490 saniesque
1837 3422 2043 3473 manet

1100 3518 1204 3560 ore
1253 3499 1575 3578 trilingui.-

922 3639 1069 3719 quin
1117 3645 1182 3699 et
1226 3639 1405 3700 Ixion
1455 3640 1793 3721 Tityosque
1841 3641 2013 3700 voltu

919 3727 1059 3788 risit
1103 3728 1322 3803 invit03
1372 3730 1545 3789 stetit
1589 3747 1742 3788 urna
1786 3728 2034 3809 paulum

921 3817 1101 3891 sicca,
1150 3816 1292 3876 dum
1341 3822 1518 3895 grato
1566 3816 1761 3876 Danai
1807 3817 2045 3897 puellas

1099 3905 1364 3965 carmine
1411 3905 1659 3965 mulces.

920 4045 1131 4106 audiat
1175 4044 1353 4125 Lyde
1401 4046 1602 4105 scelus
1650 4053 1832 4123 atque
1880 4050 2054 4105 notas

920 4133 1225 4212 virginum
1271 4127 1506 4213 poenas
1548 4139 1611 4193 et
1657 4133 1834 4193 inane
1883 4133 2173 4214 lymphae

922 4222 1149 4283 dolium
1195 4222 1379 4282 fundo
1426 4220 1737 4302 pereuntis
1787 4221 1902 4281 imo

1098 4329 1358 4389 seraque
1406 4310 1551 4374 fata.
