3059 4850
731 534 793 605 VI.

401 723 483 795 Quid
508 723 688 785 inmerentis
712 724 848 805 hospites
872 745 979 801 vexas,
1003 728 1088 788 cauis

487 812 622 891 ignavus
646 815 811 874 adversum
833 814 942 894 lupos?

401 901 472 980 quin
496 900 556 961 huc
579 900 691 975 inanis,
715 901 741 961 si
763 907 861 982 potes,
885 903 982 963 vertis
1005 903 1103 964 minas

489 996 590 1050 etms
613 1008 820 1049 remorsurum
842 990 937 1070 petis!

401 1095 470 1137 nam
493 1077 591 1156 qualis
615 1085 669 1138 aut
683 1077 837 1138 Molossus
860 1082 913 1138 aut
935 1080 1038 1140 sulvus
1055 1080 1166 1155 Lacon,
1198 1110 1199 1113 ¹

489 1165 586 1226 amica
608 1165 655 1225 vis
678 1167 862 1246 pastoribus,

401 1272 490 1332 agam
512 1273 568 1334 per
590 1254 668 1314 altas
692 1273 766 1315 aurs
790 1253 912 1316 sublata
934 1255 1026 1331 nivis,

488 1361 697 1422 quaecumque
720 1344 887 1423 praecedet
912 1344 985 1404 fera.

402 1436 442 1502 tu,
465 1449 533 1490 cum
556 1430 691 1491 timenda
714 1450 790 1492 voce
814 1432 962 1512 conplesti
986 1451 1102 1508 nemus,

488 1518 655 1599 proiectum
679 1520 817 1580 odoraris
840 1520 949 1581 cibum.
989 1534 991 1539 ’

401 1624 486 1682 cave,
509 1610 598 1668 cava!
622 1626 752 1688 namque
776 1609 807 1669 in
832 1609 927 1669 malos
951 1610 1138 1691 asperrimus

488 1700 597 1776 parata
620 1695 691 1756 tollo
715 1715 838 1771 cornua,

400 1784 499 1862 qualis
523 1782 697 1862 Lycambae
720 1792 844 1865 spretus
867 1784 958 1847 infido
982 1806 1080 1865 gener

488 1879 541 1933 aut
564 1891 635 1933 acer
660 1873 754 1933 hostis
778 1873 903 1954 Bupalo.

401 1977 448 2034 an,
472 1960 498 2019 si
520 1960 590 2040 quis
614 1965 679 2021 atro
703 1962 795 2022 dente
819 1981 867 2020 me
889 1962 1043 2043 petiverit,

488 2048 602 2109 inultus
626 2053 660 2110 ut
682 2049 761 2109 flebo
785 2047 885 2130 puer?

720 2458 801 2530 VH.

401 2648 478 2720 Quo,
501 2667 561 2728 quo
585 2649 708 2709 scelesti
732 2649 821 2709 ruitis
845 2656 897 2710 aut
921 2670 974 2710 eur
998 2651 1135 2714 dexteris

489 2741 633 2817 aptantur
656 2756 747 2797 enses
772 2734 908 2802 conditi?

401 2843 548 2905 parumne
572 2826 687 2906 campis
712 2832 805 2906 atque
828 2825 971 2906 Neptuno
995 2848 1088 2909 snper

489 2913 587 2974 susum
611 2921 659 2973 est
683 2912 784 2975 Latini
809 2916 988 2993 sauguinis?

400 3021 458 3061 nou
483 3007 518 3061 ut
539 3004 687 3082 superbas
711 3003 834 3063 invidas
857 3001 1051 3083 Carthaginis

488 3089 642 3150 Romanus
666 3101 747 3151 arcis
771 3097 883 3165 ureret,

400 3177 531 3238 intactus
554 3185 608 3238 aut
630 3178 796 3239 Britannus
819 3184 853 3239 ut
876 3180 1080 3241 descenderet

489 3265 583 3327 Sacra
606 3272 764 3327 catenatus
789 3267 847 3341 via,
870 3301 913 3313 ψ-

399 3354 455 3413 sed
478 3357 512 3414 ut
535 3355 702 3416 seeundum
726 3359 798 3415 vota
821 3354 1002 3416 Parthorum
1025 3376 1081 3417 sua

488 3444 561 3502 urbs
584 3442 659 3502 hacc
682 3443 798 3524 periret
821 3444 963 3504 dextera!

399 3550 499 3610 neque
523 3531 571 3591 hic
594 3531 675 3611 lupis
698 3551 763 3593 mos
787 3552 844 3593 nec
868 3533 925 3592 fuit
948 3533 1085 3595 leonibus

488 3639 629 3699 umquam
653 3619 712 3680 nisi
735 3621 766 3680 in
791 3621 895 3700 dispar
917 3621 998 3682 feris.

400 3708 522 3767 furorne
545 3727 655 3769 caecus
679 3728 717 3769 au
740 3710 822 3789 rapit
843 3710 891 3769 vis
915 3708 1014 3770 acrior

487 3814 526 3855 en
549 3796 660 3877 culpa?
684 3816 864 3879 responsum
889 3798 974 3859 date!

399 3888 512 3958 tacent,
536 3890 569 3945 et
591 3885 680 3945 albus
702 3904 756 3946 ora
778 3886 876 3967 pallor
897 3886 1002 3961 inficit,

487 3979 667 4053 mentesque
688 3974 849 4053 perculsae
873 3979 1019 4055 stupent

399 4059 443 4119 sio
465 4065 527 4121 est:
552 4063 663 4122 acerba
686 4062 749 4123 fata
772 4062 926 4123 Romanos
949 4067 1046 4141 agunt

487 4151 649 4229 scelusque
673 4151 827 4212 fraternae
851 4152 944 4225 necis,

400 4240 435 4295 ut
457 4236 635 4298 inmerentis
657 4238 749 4299 fluxit
771 4239 802 4299 in
827 4248 939 4299 terram
965 4238 1052 4299 Remi

488 4345 575 4387 sacer
597 4328 760 4407 nepotibus
784 4346 882 4388 eruor.
