<?xml version="1.0" encoding="UTF-8"?>
<!DOCTYPE html PUBLIC "-//W3C//DTD XHTML 1.0 Transitional//EN"
    "http://www.w3.org/TR/xhtml1/DTD/xhtml1-transitional.dtd">
<html xmlns="http://www.w3.org/1999/xhtml" xml:lang="en" lang="en">
 <head>
  <title>
</title>
<meta http-equiv="Content-Type" content="text/html;charset=utf-8" />
  <meta name='ocr-system' content='tesseract 3.04.00' />
  <meta name='ocr-capabilities' content='ocr_page ocr_carea ocr_par ocr_line ocrx_word'/>
</head>
<body>
  <div class='ocr_page' id='page_1' title='image "./odenundepoden01horagoog_0092.png"; bbox 0 0 3059 4850; ppageno 0'>
   <div class='ocr_carea' id='block_1_1' title="bbox 626 253 932 298">
    <p class='ocr_par' dir='ltr' id='par_1_1' title="bbox 626 253 932 298">
     <span class='ocr_line' id='line_1_1' title="bbox 626 253 932 298; baseline -0.007 0"><span class='ocrx_word' id='word_1_1' title='bbox 626 253 747 298; x_wconf 76' lang='lat' dir='ltr'><strong>HORA&#39;I&#39;I</strong></span> <span class='ocrx_word' id='word_1_2' title='bbox 762 253 932 298; x_wconf 78' lang='lat' dir='ltr'><strong>GARMINUM</strong></span> 
     </span>
    </p>
   </div>
   <div class='ocr_carea' id='block_1_2' title="bbox 480 399 1065 736">
    <p class='ocr_par' dir='ltr' id='par_1_2' title="bbox 480 399 1065 736">
     <span class='ocr_line' id='line_1_2' title="bbox 480 399 1037 481; baseline -0.005 -19"><span class='ocrx_word' id='word_1_3' title='bbox 480 423 538 464; x_wconf 89' lang='lat' dir='ltr'>non</span> <span class='ocrx_word' id='word_1_4' title='bbox 563 403 628 462; x_wconf 88' lang='lat' dir='ltr'>sola</span> <span class='ocrx_word' id='word_1_5' title='bbox 650 405 786 481; x_wconf 88' lang='lat' dir='ltr'>comptos</span> <span class='ocrx_word' id='word_1_6' title='bbox 810 400 885 461; x_wconf 85' lang='lat' dir='ltr'>arsit</span> <span class='ocrx_word' id='word_1_7' title='bbox 907 399 1037 460; x_wconf 79' lang='lat' dir='ltr'>adulteri</span> 
     </span>
     <span class='ocr_line' id='line_1_3' title="bbox 480 489 1063 553; baseline -0.009 -1"><span class='ocrx_word' id='word_1_8' title='bbox 480 493 574 553; x_wconf 75' lang='lat' dir='ltr'>crinis</span> <span class='ocrx_word' id='word_1_9' title='bbox 598 504 758 550; x_wconf 83' lang='lat' dir='ltr'>stannum</span> <span class='ocrx_word' id='word_1_10' title='bbox 782 489 920 548; x_wconf 83' lang='lat' dir='ltr'>vestibus</span> <span class='ocrx_word' id='word_1_11' title='bbox 944 489 1063 549; x_wconf 90' lang='lat' dir='ltr'>inlitum</span> 
     </span>
     <span class='ocr_line' id='line_1_4' title="bbox 524 577 956 657; baseline -0.009 -18"><span class='ocrx_word' id='word_1_12' title='bbox 524 580 632 639; x_wconf 90' lang='lat' dir='ltr'>mirata</span> <span class='ocrx_word' id='word_1_13' title='bbox 654 578 833 657; x_wconf 80' lang='lat' dir='ltr'>regalisque</span> <span class='ocrx_word' id='word_1_14' title='bbox 857 577 956 637; x_wconf 88' lang='lat' dir='ltr'>cultus</span> 
     </span>
     <span class='ocr_line' id='line_1_5' title="bbox 568 659 1065 736; baseline -0.006 -10"><span class='ocrx_word' id='word_1_15' title='bbox 568 674 600 728; x_wconf 90' lang='lat' dir='ltr'>et</span> <span class='ocrx_word' id='word_1_16' title='bbox 623 667 749 727; x_wconf 76' lang='lat' dir='ltr'>comites</span> <span class='ocrx_word' id='word_1_17' title='bbox 773 659 894 733; x_wconf 87' lang='lat' dir='ltr'>Helene</span> <span class='ocrx_word' id='word_1_18' title='bbox 917 663 1065 736; x_wconf 79' lang='lat' dir='ltr'><strong>Lacaena,</strong></span> 
     </span>
    </p>
   </div>
   <div class='ocr_carea' id='block_1_3' title="bbox 481 803 1090 1132">
    <p class='ocr_par' dir='ltr' id='par_1_3' title="bbox 481 803 1090 1132">
     <span class='ocr_line' id='line_1_6' title="bbox 481 803 1030 889; baseline -0.007 -21"><span class='ocrx_word' id='word_1_19' title='bbox 481 808 637 889; x_wconf 84' lang='lat' dir='ltr'>primusve</span> <span class='ocrx_word' id='word_1_20' title='bbox 662 805 782 867; x_wconf 81' lang='lat' dir='ltr'>Teucer</span> <span class='ocrx_word' id='word_1_21' title='bbox 805 805 868 866; x_wconf 91' lang='lat' dir='ltr'>tela</span> <span class='ocrx_word' id='word_1_22' title='bbox 892 803 1030 886; x_wconf 82' lang='lat' dir='ltr'>Cydonio</span> 
     </span>
     <span class='ocr_line' id='line_1_7' title="bbox 482 892 1009 974; baseline -0.008 -18"><span class='ocrx_word' id='word_1_23' title='bbox 482 895 596 956; x_wconf 86' lang='lat' dir='ltr'>direxit</span> <span class='ocrx_word' id='word_1_24' title='bbox 619 914 707 974; x_wconf 79' lang='lat' dir='ltr'>arou3</span> <span class='ocrx_word' id='word_1_25' title='bbox 733 913 792 954; x_wconf 92' lang='lat' dir='ltr'>uon</span> <span class='ocrx_word' id='word_1_26' title='bbox 816 893 911 953; x_wconf 86' lang='lat' dir='ltr'>semel</span> <span class='ocrx_word' id='word_1_27' title='bbox 935 892 1009 953; x_wconf 89' lang='lat' dir='ltr'>llios</span> 
     </span>
     <span class='ocr_line' id='line_1_8' title="bbox 525 981 1041 1062; baseline -0.006 -20"><span class='ocrx_word' id='word_1_28' title='bbox 525 992 652 1056; x_wconf 83' lang='lat' dir='ltr'>rexata;</span> <span class='ocrx_word' id='word_1_29' title='bbox 677 1001 736 1042; x_wconf 92' lang='lat' dir='ltr'>nou</span> <span class='ocrx_word' id='word_1_30' title='bbox 760 982 909 1062; x_wconf 83' lang='lat' dir='ltr'>pugnavit</span> <span class='ocrx_word' id='word_1_31' title='bbox 932 981 1041 1060; x_wconf 81' lang='lat' dir='ltr'>ingens</span> 
     </span>
     <span class='ocr_line' id='line_1_9' title="bbox 569 1069 1090 1132; baseline -0.01 0"><span class='ocrx_word' id='word_1_32' title='bbox 569 1072 753 1132; x_wconf 85' lang='lat' dir='ltr'>Idomeneus</span> <span class='ocrx_word' id='word_1_33' title='bbox 778 1070 983 1131; x_wconf 82' lang='lat' dir='ltr'>Sthenelusve</span> <span class='ocrx_word' id='word_1_34' title='bbox 1006 1069 1090 1129; x_wconf 85' lang='lat' dir='ltr'>solus</span> 
     </span>
    </p>
   </div>
   <div class='ocr_carea' id='block_1_4' title="bbox 483 1208 1100 1557">
    <p class='ocr_par' dir='ltr' id='par_1_4' title="bbox 483 1208 1080 1292">
     <span class='ocr_line' id='line_1_10' title="bbox 483 1208 1080 1292; baseline -0.007 -18"><span class='ocrx_word' id='word_1_35' title='bbox 483 1214 612 1274; x_wconf 87' lang='lat' dir='ltr'>dicenda</span> <span class='ocrx_word' id='word_1_36' title='bbox 636 1212 734 1272; x_wconf 81' lang='lat' dir='ltr'>Musis</span> <span class='ocrx_word' id='word_1_37' title='bbox 757 1208 887 1292; x_wconf 77' lang='lat' dir='ltr'>proelia3</span> <span class='ocrx_word' id='word_1_38' title='bbox 910 1230 969 1271; x_wconf 89' lang='lat' dir='ltr'>nou</span> <span class='ocrx_word' id='word_1_39' title='bbox 992 1211 1080 1271; x_wconf 82' lang='lat' dir='ltr'>ferox</span> 
     </span>
    </p>

    <p class='ocr_par' dir='ltr' id='par_1_5' title="bbox 486 1301 1100 1470">
     <span class='ocr_line' id='line_1_11' title="bbox 486 1301 1100 1380; baseline -0.01 -17"><span class='ocrx_word' id='word_1_40' title='bbox 486 1303 600 1363; x_wconf 81' lang='lat' dir='ltr'>Hector</span> <span class='ocrx_word' id='word_1_41' title='bbox 623 1301 674 1361; x_wconf 89' lang='lat' dir='ltr'>vel</span> <span class='ocrx_word' id='word_1_42' title='bbox 698 1320 769 1361; x_wconf 90' lang='lat' dir='ltr'>acer</span> <span class='ocrx_word' id='word_1_43' title='bbox 792 1301 967 1380; x_wconf 84' lang='lat' dir='ltr'>Deiphobus</span> <span class='ocrx_word' id='word_1_44' title='bbox 991 1310 1100 1378; x_wconf 76' lang='lat' dir='ltr'>gravis</span> 
     </span>
     <span class='ocr_line' id='line_1_12' title="bbox 528 1388 971 1470; baseline -0.011 -18"><span class='ocrx_word' id='word_1_45' title='bbox 528 1390 651 1470; x_wconf 88' lang='lat' dir='ltr'>excepit</span> <span class='ocrx_word' id='word_1_46' title='bbox 672 1389 752 1449; x_wconf 88' lang='lat' dir='ltr'>ictus</span> <span class='ocrx_word' id='word_1_47' title='bbox 775 1407 830 1469; x_wconf 92' lang='lat' dir='ltr'>pro</span> <span class='ocrx_word' id='word_1_48' title='bbox 854 1388 971 1468; x_wconf 88' lang='lat' dir='ltr'>pudicis</span> 
     </span>
    </p>

    <p class='ocr_par' dir='ltr' id='par_1_6' title="bbox 572 1475 1086 1557">
     <span class='ocr_line' id='line_1_13' title="bbox 572 1475 1086 1557; baseline -0.012 -18"><span class='ocrx_word' id='word_1_49' title='bbox 572 1479 751 1557; x_wconf 85' lang='lat' dir='ltr'>coniugibus</span> <span class='ocrx_word' id='word_1_50' title='bbox 775 1479 940 1557; x_wconf 88' lang='lat' dir='ltr'>puerisque</span> <span class='ocrx_word' id='word_1_51' title='bbox 963 1475 1086 1556; x_wconf 90' lang='lat' dir='ltr'>primus.</span> 
     </span>
    </p>
   </div>
   <div class='ocr_carea' id='block_1_5' title="bbox 485 1619 1110 1960">
    <p class='ocr_par' dir='ltr' id='par_1_7' title="bbox 485 1619 1110 1960">
     <span class='ocr_line' id='line_1_14' title="bbox 485 1619 1058 1695; baseline -0.009 -15"><span class='ocrx_word' id='word_1_52' title='bbox 485 1621 592 1680; x_wconf 85' lang='lat' dir='ltr'>vixere</span> <span class='ocrx_word' id='word_1_53' title='bbox 615 1620 709 1679; x_wconf 86' lang='lat' dir='ltr'>fortes</span> <span class='ocrx_word' id='word_1_54' title='bbox 733 1628 805 1677; x_wconf 84' lang='lat' dir='ltr'>ante</span> <span class='ocrx_word' id='word_1_55' title='bbox 829 1619 1058 1695; x_wconf 83' lang='lat' dir='ltr'>Agamemnona</span> 
     </span>
     <span class='ocr_line' id='line_1_15' title="bbox 485 1704 1051 1783; baseline -0.011 -15"><span class='ocrx_word' id='word_1_56' title='bbox 485 1708 585 1783; x_wconf 80' lang='lat' dir='ltr'>multi3</span> <span class='ocrx_word' id='word_1_57' title='bbox 610 1708 665 1767; x_wconf 90' lang='lat' dir='ltr'>sed</span> <span class='ocrx_word' id='word_1_58' title='bbox 688 1725 793 1767; x_wconf 89' lang='lat' dir='ltr'>omnes</span> <span class='ocrx_word' id='word_1_59' title='bbox 817 1704 1051 1765; x_wconf 84' lang='lat' dir='ltr'>inlacrimabiles</span> 
     </span>
     <span class='ocr_line' id='line_1_16' title="bbox 529 1793 999 1875; baseline -0.006 -20"><span class='ocrx_word' id='word_1_60' title='bbox 529 1804 702 1875; x_wconf 82' lang='lat' dir='ltr'>urguentur</span> <span class='ocrx_word' id='word_1_61' title='bbox 724 1794 883 1873; x_wconf 83' lang='lat' dir='ltr'>ignotique</span> <span class='ocrx_word' id='word_1_62' title='bbox 908 1793 999 1872; x_wconf 82' lang='lat' dir='ltr'>longa</span> 
     </span>
     <span class='ocr_line' id='line_1_17' title="bbox 572 1882 1110 1960; baseline -0.006 -16"><span class='ocrx_word' id='word_1_63' title='bbox 572 1891 670 1958; x_wconf 87' lang='lat' dir='ltr'>nocte,</span> <span class='ocrx_word' id='word_1_64' title='bbox 694 1889 801 1943; x_wconf 85' lang='lat' dir='ltr'>carent</span> <span class='ocrx_word' id='word_1_65' title='bbox 823 1882 894 1960; x_wconf 86' lang='lat' dir='ltr'>quia</span> <span class='ocrx_word' id='word_1_66' title='bbox 918 1888 989 1940; x_wconf 85' lang='lat' dir='ltr'>vate</span> <span class='ocrx_word' id='word_1_67' title='bbox 1013 1898 1110 1941; x_wconf 86' lang='lat' dir='ltr'>sacro.</span> 
     </span>
    </p>
   </div>
   <div class='ocr_carea' id='block_1_6' title="bbox 485 2021 1040 2366">
    <p class='ocr_par' dir='ltr' id='par_1_8' title="bbox 485 2021 1040 2366">
     <span class='ocr_line' id='line_1_18' title="bbox 485 2021 1040 2106; baseline -0.011 -20"><span class='ocrx_word' id='word_1_68' title='bbox 485 2025 607 2106; x_wconf 92' lang='lat' dir='ltr'>paulum</span> <span class='ocrx_word' id='word_1_69' title='bbox 631 2022 770 2103; x_wconf 82' lang='lat' dir='ltr'>sepultae</span> <span class='ocrx_word' id='word_1_70' title='bbox 795 2024 889 2083; x_wconf 89' lang='lat' dir='ltr'>distat</span> <span class='ocrx_word' id='word_1_71' title='bbox 912 2021 1040 2082; x_wconf 86' lang='lat' dir='ltr'>inertiae</span> 
     </span>
     <span class='ocr_line' id='line_1_19' title="bbox 485 2110 1033 2189; baseline -0.009 -15"><span class='ocrx_word' id='word_1_72' title='bbox 485 2114 584 2174; x_wconf 88' lang='lat' dir='ltr'>celata</span> <span class='ocrx_word' id='word_1_73' title='bbox 606 2113 714 2172; x_wconf 85' lang='lat' dir='ltr'>virtus.</span> <span class='ocrx_word' id='word_1_74' title='bbox 738 2131 797 2172; x_wconf 91' lang='lat' dir='ltr'>uon</span> <span class='ocrx_word' id='word_1_75' title='bbox 821 2130 878 2189; x_wconf 82' lang='lat' dir='ltr'>ego</span> <span class='ocrx_word' id='word_1_76' title='bbox 903 2117 934 2170; x_wconf 88' lang='lat' dir='ltr'>te</span> <span class='ocrx_word' id='word_1_77' title='bbox 958 2110 1033 2169; x_wconf 89' lang='lat' dir='ltr'>meis</span> 
     </span>
     <span class='ocr_line' id='line_1_20' title="bbox 529 2198 966 2271; baseline -0.007 -10"><span class='ocrx_word' id='word_1_78' title='bbox 529 2201 643 2262; x_wconf 88' lang='lat' dir='ltr'>chartis</span> <span class='ocrx_word' id='word_1_79' title='bbox 666 2201 838 2259; x_wconf 87' lang='lat' dir='ltr'>inornatum</span> <span class='ocrx_word' id='word_1_80' title='bbox 861 2198 966 2271; x_wconf 83' lang='lat' dir='ltr'>silebo,</span> 
     </span>
     <span class='ocr_line' id='line_1_21' title="bbox 573 2286 1012 2366; baseline -0.007 -18"><span class='ocrx_word' id='word_1_81' title='bbox 573 2292 657 2348; x_wconf 83' lang='lat' dir='ltr'>totve</span> <span class='ocrx_word' id='word_1_82' title='bbox 680 2295 748 2348; x_wconf 86' lang='lat' dir='ltr'>tuos</span> <span class='ocrx_word' id='word_1_83' title='bbox 772 2287 870 2366; x_wconf 87' lang='lat' dir='ltr'>patiar</span> <span class='ocrx_word' id='word_1_84' title='bbox 892 2286 1012 2346; x_wconf 86' lang='lat' dir='ltr'>labores</span> 
     </span>
    </p>
   </div>
   <div class='ocr_carea' id='block_1_7' title="bbox 484 2427 1078 2774">
    <p class='ocr_par' dir='ltr' id='par_1_9' title="bbox 484 2427 1078 2774">
     <span class='ocr_line' id='line_1_22' title="bbox 484 2427 1002 2511; baseline -0.006 -22"><span class='ocrx_word' id='word_1_85' title='bbox 484 2433 605 2511; x_wconf 87' lang='lat' dir='ltr'>inpune,</span> <span class='ocrx_word' id='word_1_86' title='bbox 628 2428 717 2503; x_wconf 88' lang='lat' dir='ltr'>Lolli,</span> <span class='ocrx_word' id='word_1_87' title='bbox 741 2447 867 2508; x_wconf 86' lang='lat' dir='ltr'>carpere</span> <span class='ocrx_word' id='word_1_88' title='bbox 891 2427 1002 2487; x_wconf 82' lang='lat' dir='ltr'>lividas</span> 
     </span>
     <span class='ocr_line' id='line_1_23' title="bbox 485 2516 953 2579; baseline -0.011 0"><span class='ocrx_word' id='word_1_89' title='bbox 485 2517 660 2579; x_wconf 88' lang='lat' dir='ltr'>obliviones.</span> <span class='ocrx_word' id='word_1_90' title='bbox 685 2522 734 2577; x_wconf 88' lang='lat' dir='ltr'>est</span> <span class='ocrx_word' id='word_1_91' title='bbox 757 2517 876 2577; x_wconf 90' lang='lat' dir='ltr'>animus</span> <span class='ocrx_word' id='word_1_92' title='bbox 901 2516 953 2575; x_wconf 88' lang='lat' dir='ltr'>tibi</span> 
     </span>
     <span class='ocr_line' id='line_1_24' title="bbox 529 2603 1074 2685; baseline -0.009 -19"><span class='ocrx_word' id='word_1_93' title='bbox 529 2624 692 2685; x_wconf 89' lang='lat' dir='ltr'>rerumque</span> <span class='ocrx_word' id='word_1_94' title='bbox 715 2605 852 2685; x_wconf 89' lang='lat' dir='ltr'>prudens</span> <span class='ocrx_word' id='word_1_95' title='bbox 876 2610 908 2664; x_wconf 94' lang='lat' dir='ltr'>et</span> <span class='ocrx_word' id='word_1_96' title='bbox 930 2603 1074 2663; x_wconf 88' lang='lat' dir='ltr'>secundis</span> 
     </span>
     <span class='ocr_line' id='line_1_25' title="bbox 574 2692 1078 2774; baseline -0.012 -19"><span class='ocrx_word' id='word_1_97' title='bbox 574 2695 759 2774; x_wconf 77' lang='lat' dir='ltr'>temporibus</span> <span class='ocrx_word' id='word_1_98' title='bbox 784 2692 944 2770; x_wconf 84' lang='lat' dir='ltr'>dubiisque</span> <span class='ocrx_word' id='word_1_99' title='bbox 968 2698 1078 2763; x_wconf 86' lang='lat' dir='ltr'>rectus,</span> 
     </span>
    </p>
   </div>
   <div class='ocr_carea' id='block_1_8' title="bbox 486 2831 1158 3177">
    <p class='ocr_par' dir='ltr' id='par_1_10' title="bbox 486 2831 1158 3177">
     <span class='ocr_line' id='line_1_26' title="bbox 486 2831 1158 2896; baseline -0.006 -2"><span class='ocrx_word' id='word_1_100' title='bbox 486 2835 601 2896; x_wconf 86' lang='lat' dir='ltr'>vindex</span> <span class='ocrx_word' id='word_1_101' title='bbox 625 2853 736 2894; x_wconf 84' lang='lat' dir='ltr'>avarae</span> <span class='ocrx_word' id='word_1_102' title='bbox 761 2833 877 2893; x_wconf 89' lang='lat' dir='ltr'>fraudis</span> <span class='ocrx_word' id='word_1_103' title='bbox 900 2841 933 2891; x_wconf 92' lang='lat' dir='ltr'>et</span> <span class='ocrx_word' id='word_1_104' title='bbox 955 2831 1113 2891; x_wconf 88' lang='lat' dir='ltr'>abstinens</span> <span class='ocrx_word' id='word_1_105' title='bbox 1156 2877 1158 2880; x_wconf 83' lang='lat'>.</span> 
     </span>
     <span class='ocr_line' id='line_1_27' title="bbox 487 2919 1050 3000; baseline -0.009 -16"><span class='ocrx_word' id='word_1_106' title='bbox 487 2923 626 2985; x_wconf 83' lang='lat' dir='ltr'>ducentis</span> <span class='ocrx_word' id='word_1_107' title='bbox 649 2923 689 2983; x_wconf 89' lang='lat' dir='ltr'>ad</span> <span class='ocrx_word' id='word_1_108' title='bbox 712 2941 746 2980; x_wconf 92' lang='lat' dir='ltr'>se</span> <span class='ocrx_word' id='word_1_109' title='bbox 770 2929 879 2982; x_wconf 88' lang='lat' dir='ltr'>cuncta</span> <span class='ocrx_word' id='word_1_110' title='bbox 902 2919 1050 3000; x_wconf 89' lang='lat' dir='ltr'>pecuniae</span> 
     </span>
     <span class='ocr_line' id='line_1_28' title="bbox 531 3009 995 3090; baseline -0.013 -18"><span class='ocrx_word' id='word_1_111' title='bbox 531 3011 697 3090; x_wconf 89' lang='lat' dir='ltr'>consulque</span> <span class='ocrx_word' id='word_1_112' title='bbox 721 3029 780 3070; x_wconf 91' lang='lat' dir='ltr'>non</span> <span class='ocrx_word' id='word_1_113' title='bbox 804 3009 892 3069; x_wconf 89' lang='lat' dir='ltr'>unius</span> <span class='ocrx_word' id='word_1_114' title='bbox 916 3009 995 3082; x_wconf 87' lang='lat' dir='ltr'>anni,</span> 
     </span>
     <span class='ocr_line' id='line_1_29' title="bbox 575 3096 1136 3177; baseline -0.009 -18"><span class='ocrx_word' id='word_1_115' title='bbox 575 3100 629 3160; x_wconf 89' lang='lat' dir='ltr'>sed</span> <span class='ocrx_word' id='word_1_116' title='bbox 653 3098 793 3177; x_wconf 86' lang='lat' dir='ltr'>quotiens</span> <span class='ocrx_word' id='word_1_117' title='bbox 817 3100 914 3158; x_wconf 90' lang='lat' dir='ltr'>bonus</span> <span class='ocrx_word' id='word_1_118' title='bbox 938 3103 1032 3176; x_wconf 89' lang='lat' dir='ltr'>atque</span> <span class='ocrx_word' id='word_1_119' title='bbox 1054 3096 1136 3155; x_wconf 89' lang='lat' dir='ltr'>fidus</span> 
     </span>
    </p>
   </div>
   <div class='ocr_carea' id='block_1_9' title="bbox 485 3238 1043 3584">
    <p class='ocr_par' dir='ltr' id='par_1_11' title="bbox 485 3238 1029 3388">
     <span class='ocr_line' id='line_1_30' title="bbox 485 3238 1029 3319; baseline -0.004 -20"><span class='ocrx_word' id='word_1_120' title='bbox 485 3241 580 3299; x_wconf 88' lang='lat' dir='ltr'>iudex</span> <span class='ocrx_word' id='word_1_121' title='bbox 605 3240 761 3299; x_wconf 87' lang='lat' dir='ltr'>honestum</span> <span class='ocrx_word' id='word_1_122' title='bbox 786 3238 931 3319; x_wconf 89' lang='lat' dir='ltr'>praetulit</span> <span class='ocrx_word' id='word_1_123' title='bbox 953 3238 1029 3311; x_wconf 86' lang='lat' dir='ltr'>utili,</span> 
     </span>
     <span class='ocr_line' id='line_1_31' title="bbox 487 3327 977 3388; baseline -0.004 -1"><span class='ocrx_word' id='word_1_124' title='bbox 487 3327 594 3388; x_wconf 85' lang='lat' dir='ltr'>reiecit</span> <span class='ocrx_word' id='word_1_125' title='bbox 617 3328 678 3387; x_wconf 93' lang='lat' dir='ltr'>alto</span> <span class='ocrx_word' id='word_1_126' title='bbox 702 3329 783 3388; x_wconf 93' lang='lat' dir='ltr'>dona</span> <span class='ocrx_word' id='word_1_127' title='bbox 805 3328 977 3387; x_wconf 90' lang='lat' dir='ltr'>nocentium</span> 
     </span>
    </p>

    <p class='ocr_par' dir='ltr' id='par_1_12' title="bbox 531 3417 1043 3495">
     <span class='ocr_line' id='line_1_32' title="bbox 531 3417 1043 3495; baseline 0 -20"><span class='ocrx_word' id='word_1_128' title='bbox 531 3417 625 3491; x_wconf 86' lang='lat' dir='ltr'>voltu,</span> <span class='ocrx_word' id='word_1_129' title='bbox 649 3436 704 3495; x_wconf 88' lang='lat' dir='ltr'>per</span> <span class='ocrx_word' id='word_1_130' title='bbox 727 3417 879 3476; x_wconf 83' lang='lat' dir='ltr'>obstanth</span> <span class='ocrx_word' id='word_1_131' title='bbox 903 3424 1043 3475; x_wconf 84' lang='lat' dir='ltr'>cateruas</span> 
     </span>
    </p>

    <p class='ocr_par' dir='ltr' id='par_1_13' title="bbox 576 3504 1038 3584">
     <span class='ocr_line' id='line_1_33' title="bbox 576 3504 1038 3584; baseline -0.002 -21"><span class='ocrx_word' id='word_1_132' title='bbox 576 3504 725 3584; x_wconf 88' lang='lat' dir='ltr'>explicuit</span> <span class='ocrx_word' id='word_1_133' title='bbox 747 3522 803 3563; x_wconf 86' lang='lat' dir='ltr'>sua</span> <span class='ocrx_word' id='word_1_134' title='bbox 825 3504 924 3563; x_wconf 87' lang='lat' dir='ltr'>victor</span> <span class='ocrx_word' id='word_1_135' title='bbox 947 3522 1038 3563; x_wconf 88' lang='lat' dir='ltr'>arma.</span> 
     </span>
    </p>
   </div>
   <div class='ocr_carea' id='block_1_10' title="bbox 487 3643 1155 3989">
    <p class='ocr_par' dir='ltr' id='par_1_14' title="bbox 487 3643 1155 3989">
     <span class='ocr_line' id='line_1_34' title="bbox 489 3643 1155 3725; baseline -0.008 -19"><span class='ocrx_word' id='word_1_136' title='bbox 489 3665 547 3707; x_wconf 93' lang='lat' dir='ltr'>nou</span> <span class='ocrx_word' id='word_1_137' title='bbox 569 3645 776 3725; x_wconf 86' lang='lat' dir='ltr'>possidentem</span> <span class='ocrx_word' id='word_1_138' title='bbox 800 3643 893 3704; x_wconf 89' lang='lat' dir='ltr'>multa</span> <span class='ocrx_word' id='word_1_139' title='bbox 916 3643 1074 3704; x_wconf 84' lang='lat' dir='ltr'>vocaveris</span> <span class='ocrx_word' id='word_1_140' title='bbox 1153 3716 1155 3724; x_wconf 33' lang='grc' dir='ltr'>Ι</span> 
     </span>
     <span class='ocr_line' id='line_1_35' title="bbox 487 3732 1022 3812; baseline -0.004 -19"><span class='ocrx_word' id='word_1_141' title='bbox 487 3739 571 3793; x_wconf 88' lang='lat' dir='ltr'>recte</span> <span class='ocrx_word' id='word_1_142' title='bbox 595 3734 731 3809; x_wconf 77' lang='lat' dir='ltr'>beatum3</span> <span class='ocrx_word' id='word_1_143' title='bbox 755 3732 870 3793; x_wconf 88' lang='lat' dir='ltr'>rectius</span> <span class='ocrx_word' id='word_1_144' title='bbox 893 3737 1022 3812; x_wconf 90' lang='lat' dir='ltr'>occupat</span> 
     </span>
     <span class='ocr_line' id='line_1_36' title="bbox 532 3821 978 3900; baseline -0.004 -19"><span class='ocrx_word' id='word_1_145' title='bbox 532 3840 641 3882; x_wconf 91' lang='lat' dir='ltr'>nomen</span> <span class='ocrx_word' id='word_1_146' title='bbox 666 3822 754 3896; x_wconf 90' lang='lat' dir='ltr'>beati,</span> <span class='ocrx_word' id='word_1_147' title='bbox 778 3822 831 3900; x_wconf 91' lang='lat' dir='ltr'>qui</span> <span class='ocrx_word' id='word_1_148' title='bbox 854 3821 978 3880; x_wconf 88' lang='lat' dir='ltr'>deorum</span> 
     </span>
     <span class='ocr_line' id='line_1_37' title="bbox 575 3907 996 3989; baseline -0.005 -21"><span class='ocrx_word' id='word_1_149' title='bbox 575 3910 752 3969; x_wconf 90' lang='lat' dir='ltr'>muneribus</span> <span class='ocrx_word' id='word_1_150' title='bbox 776 3909 929 3989; x_wconf 86' lang='lat' dir='ltr'>sapienter</span> <span class='ocrx_word' id='word_1_151' title='bbox 952 3907 996 3966; x_wconf 90' lang='lat' dir='ltr'>uti</span> 
     </span>
    </p>
   </div>
   <div class='ocr_carea' id='block_1_11' title="bbox 488 4047 1065 4395">
    <p class='ocr_par' dir='ltr' id='par_1_15' title="bbox 488 4047 1065 4395">
     <span class='ocr_line' id='line_1_38' title="bbox 489 4047 1065 4129; baseline -0.009 -19"><span class='ocrx_word' id='word_1_152' title='bbox 489 4051 656 4129; x_wconf 93' lang='lat' dir='ltr'>duramque</span> <span class='ocrx_word' id='word_1_153' title='bbox 680 4049 771 4109; x_wconf 87' lang='lat' dir='ltr'>callet</span> <span class='ocrx_word' id='word_1_154' title='bbox 793 4048 970 4129; x_wconf 87' lang='lat' dir='ltr'>pauperiem</span> <span class='ocrx_word' id='word_1_155' title='bbox 993 4047 1065 4127; x_wconf 86' lang='lat' dir='ltr'>pati,</span> 
     </span>
     <span class='ocr_line' id='line_1_39' title="bbox 488 4136 1012 4220; baseline -0.008 -21"><span class='ocrx_word' id='word_1_156' title='bbox 488 4138 637 4220; x_wconf 87' lang='lat' dir='ltr'>peiusque</span> <span class='ocrx_word' id='word_1_157' title='bbox 661 4138 721 4197; x_wconf 91' lang='lat' dir='ltr'>leto</span> <span class='ocrx_word' id='word_1_158' title='bbox 744 4136 893 4215; x_wconf 82' lang='lat' dir='ltr'>flagitium</span> <span class='ocrx_word' id='word_1_159' title='bbox 917 4136 1012 4209; x_wconf 88' lang='lat' dir='ltr'>timet,</span> 
     </span>
     <span class='ocr_line' id='line_1_40' title="bbox 532 4223 974 4305; baseline -0.009 -18"><span class='ocrx_word' id='word_1_160' title='bbox 532 4246 592 4287; x_wconf 91' lang='lat' dir='ltr'>non</span> <span class='ocrx_word' id='word_1_161' title='bbox 615 4226 668 4286; x_wconf 95' lang='lat' dir='ltr'>ille</span> <span class='ocrx_word' id='word_1_162' title='bbox 690 4243 744 4305; x_wconf 91' lang='lat' dir='ltr'>pro</span> <span class='ocrx_word' id='word_1_163' title='bbox 769 4225 847 4290; x_wconf 81' lang='lat' dir='ltr'>naris</span> <span class='ocrx_word' id='word_1_164' title='bbox 870 4223 974 4285; x_wconf 90' lang='lat' dir='ltr'>amieis</span> 
     </span>
     <span class='ocr_line' id='line_1_41' title="bbox 578 4311 1029 4395; baseline -0.009 -21"><span class='ocrx_word' id='word_1_165' title='bbox 578 4322 631 4375; x_wconf 89' lang='lat' dir='ltr'>aut</span> <span class='ocrx_word' id='word_1_166' title='bbox 652 4313 751 4395; x_wconf 85' lang='lat' dir='ltr'>patria</span> <span class='ocrx_word' id='word_1_167' title='bbox 775 4312 897 4372; x_wconf 90' lang='lat' dir='ltr'>timidus</span> <span class='ocrx_word' id='word_1_168' title='bbox 920 4311 1029 4391; x_wconf 89' lang='lat' dir='ltr'>perire.</span> 
     </span>
    </p>
   </div>
   <div class='ocr_carea' id='block_1_12' title="bbox 0 0 1544 4850">
    <p class='ocr_par' dir='ltr' id='par_1_16' title="bbox 0 0 1544 4850">
     <span class='ocr_line' id='line_1_42' title="bbox 0 0 1544 4850; baseline 0 0"><span class='ocrx_word' id='word_1_169' title='bbox 0 0 1544 4850; x_wconf 95' lang='lat' dir='ltr'> </span> 
     </span>
    </p>
   </div>
  </div>
 </body>
</html>
