3059 4850
1167 287 1289 333 LIB.
1322 287 1404 334 lv.
1443 290 1679 327 xr-xnn

1319 438 1514 510 XIII.

739 575 1076 651 Audivere,
1123 573 1309 656 Lyce,
1359 573 1419 635 di
1466 593 1603 634 mea
1650 579 1810 650 vota,
1860 574 1924 635 di

737 665 1051 737 audivere,
1096 663 1294 743 Lyce:
1342 661 1416 722 fis
1463 682 1636 739 anus,
1685 669 1751 724 et
1796 671 2003 725 tamen

827 752 922 813 vis
967 753 1232 813 formosa
1279 752 1494 826 videri,

915 841 1198 920 ludisque
1244 848 1308 900 et
1353 840 1508 900 bibis
1555 839 1883 920 inpudens,

736 996 804 1042 et
850 985 1031 1041 cantu
1079 980 1339 1042 tremulo
1386 985 1530 1060 pota
1576 977 1938 1061 Cupidinem

741 1071 972 1131 lentum
1021 1069 1340 1144 sollicitas3
1388 1069 1494 1128 ille
1543 1068 1802 1130 virentis
1851 1075 1915 1130 et

827 1159 1041 1220 doctae
1089 1157 1354 1238 psallere
1402 1154 1591 1218 Chiae

914 1245 1185 1328 pulchris
1232 1247 1502 1307 excubat
1548 1246 1611 1305 in
1656 1244 1849 1324 genis.

739 1388 1098 1468 inportunus
1145 1386 1304 1447 enim
1352 1385 1697 1447 transvolat
1742 1386 1947 1447 aridas

737 1494 1001 1556 quercus
1048 1482 1110 1535 et
1154 1474 1383 1554 refugit
1428 1481 1509 1549 te,
1558 1474 1703 1554 quia
1747 1474 1932 1535 luridi

828 1565 1046 1625 dentes
1093 1572 1172 1636 te,
1219 1563 1365 1642 quia
1407 1581 1602 1642 rugae

914 1654 1167 1732 turpant
1213 1661 1279 1711 et
1323 1651 1542 1731 capitis
1588 1651 1782 1714 nives.

737 1813 847 1853 nec
894 1790 1057 1855 Coae
1101 1792 1380 1853 referunt
1426 1791 1547 1853 iam
1593 1791 1703 1853 tibi
1749 1811 2059 1873 purpurae

739 1901 851 1942 nec
899 1881 1046 1943 clari
1093 1879 1332 1961 lapides
1381 1886 1673 1961 tempora,
1721 1899 1877 1960 quae
1924 1880 2114 1941 semel

828 1970 989 2031 notis
1037 1968 1282 2029 condita
1327 1968 1506 2029 fastis

916 2058 1164 2119 inclusit
1209 2057 1475 2117 volucris
1523 2057 1673 2118 dies.

737 2219 859 2281 quo
906 2198 1066 2278 fugit
1115 2197 1344 2273 Venus,
1392 2198 1532 2273 heu,
1581 2216 1781 2277 quove
1827 2194 2035 2259 color?
2084 2198 2308 2259 decena

737 2308 854 2368 quo
903 2283 1149 2347 motus?
1197 2287 1348 2366 quid
1375 2286 1585 2347 «habes
1633 2286 1797 2346 illius
1842 2286 2027 2362 illius,

827 2394 984 2457 quae
1033 2375 1306 2457 spirabat
1350 2393 1608 2450 amores,

916 2483 1075 2545 quae
1121 2484 1216 2524 me
1263 2472 1591 2544 surpuerat
1633 2463 1798 2537 mihi,

737 2605 889 2667 felix
936 2609 1076 2686 post
1121 2602 1402 2666 Cinaram
1451 2611 1718 2684 notaque
1766 2609 1829 2663 et
1876 2604 2123 2664 artium.

737 2702 1055 2775 gratarum
1101 2692 1334 2754 facies?
1383 2693 1495 2752 sed
1544 2692 1803 2755 Cinarae
1851 2693 2062 2752 brev1s

829 2801 1019 2843 annos
1065 2782 1193 2841 fata
1240 2781 1563 2856 dederunt,

916 2874 1241 2930 servatura
1287 2870 1389 2930 diu
1437 2888 1647 2949 parem

738 3011 1000 3073 cornicis
1046 3010 1296 3072 vetulae
1345 3010 1721 3091 temporibus
1768 3009 1996 3089 Lycen,

740 3107 993 3181 possent
1039 3103 1106 3159 ut
1151 3098 1405 3158 iuvenes
1452 3098 1654 3159 visere
1700 3098 1923 3158 fervidi

826 3189 1015 3249 multo
1061 3207 1180 3247 uon
1229 3186 1360 3246 sine
1409 3187 1536 3246 risu

917 3277 1214 3357 dilapsam
1258 3276 1318 3335 in
1367 3276 1594 3335 cineri's
1640 3275 1852 3335 facem.

1301 3486 1512 3615 XIV.

740 3680 918 3750 Quae
967 3697 1113 3741 cura
1156 3686 1398 3761 patrum
1446 3699 1686 3760 quaeve
1732 3679 2061 3750 Quiritium

706 3769 939 3849 plenis
986 3769 1278 3829 honorum
1325 3768 1677 3830 muneribus
1725 3774 1882 3843 tuas,

830 3858 1134 3936 Auguste,
1183 3858 1444 3918 virtutes
1491 3858 1552 3916 in
1600 3876 1818 3917 aevum

918 3964 1030 4025 per
1078 3946 1286 4006 titulos
1331 3964 1754 4025 memoresque
1802 3945 1990 4005 fastos

741 4092 1041 4161 aeternet,
1088 4106 1123 4147 0
1171 4105 1291 4166 qua
1336 4086 1427 4146 sol
1474 4086 1827 4146 habitabilis

743 4174 1031 4234 inlustrat
1075 4193 1234 4250 cras,
1283 4174 1547 4234 maxime
1593 4174 1964 4255 principum!

831 4282 1010 4342 quem
1057 4264 1212 4342 legis
1258 4269 1549 4343 expertes
1596 4261 1850 4323 Latinae

926 4350 1224 4412 Vindelici
1272 4351 1543 4412 didicere
1588 4370 1785 4432 nuper
