<?xml version="1.0" encoding="UTF-8"?>
<!DOCTYPE html PUBLIC "-//W3C//DTD XHTML 1.0 Transitional//EN"
    "http://www.w3.org/TR/xhtml1/DTD/xhtml1-transitional.dtd">
<html xmlns="http://www.w3.org/1999/xhtml" xml:lang="en" lang="en">
 <head>
  <title>
</title>
<meta http-equiv="Content-Type" content="text/html;charset=utf-8" />
  <meta name='ocr-system' content='tesseract 3.04.00' />
  <meta name='ocr-capabilities' content='ocr_page ocr_carea ocr_par ocr_line ocrx_word'/>
</head>
<body>
  <div class='ocr_page' id='page_1' title='image "./odenundepoden01horagoog_0085.png"; bbox 0 0 3059 4850; ppageno 0'>
   <div class='ocr_carea' id='block_1_1' title="bbox 600 263 828 310">
    <p class='ocr_par' dir='ltr' id='par_1_1' title="bbox 600 263 828 310">
     <span class='ocr_line' id='line_1_1' title="bbox 600 263 828 310; baseline -0.022 -3"><span class='ocrx_word' id='word_1_1' title='bbox 600 263 660 309; x_wconf 83' lang='lat' dir='ltr'><strong>LIB.</strong></span> <span class='ocrx_word' id='word_1_2' title='bbox 675 264 717 310; x_wconf 86' lang='lat' dir='ltr'>lv.</span> <span class='ocrx_word' id='word_1_3' title='bbox 735 268 828 303; x_wconf 85' lang='lat' dir='ltr'>11—1v.</span> 
     </span>
    </p>
   </div>
   <div class='ocr_carea' id='block_1_2' title="bbox 682 415 745 485">
    <p class='ocr_par' dir='ltr' id='par_1_2' title="bbox 682 415 745 485">
     <span class='ocr_line' id='line_1_2' title="bbox 682 415 745 485; baseline 0.032 -2"><span class='ocrx_word' id='word_1_4' title='bbox 682 415 745 485; x_wconf 92' lang='lat' dir='ltr'>Ill.</span> 
     </span>
    </p>
   </div>
   <div class='ocr_carea' id='block_1_3' title="bbox 318 551 1054 899">
    <p class='ocr_par' dir='ltr' id='par_1_3' title="bbox 318 551 833 632">
     <span class='ocr_line' id='line_1_3' title="bbox 318 551 833 632; baseline 0.002 -21"><span class='ocrx_word' id='word_1_5' title='bbox 318 551 418 621; x_wconf 83' lang='lat' dir='ltr'>Quem</span> <span class='ocrx_word' id='word_1_6' title='bbox 441 554 485 625; x_wconf 91' lang='lat' dir='ltr'>tu,</span> <span class='ocrx_word' id='word_1_7' title='bbox 509 551 713 632; x_wconf 82' lang='lat' dir='ltr'>Melpomene,</span> <span class='ocrx_word' id='word_1_8' title='bbox 738 553 833 612; x_wconf 90' lang='lat' dir='ltr'>semel</span> 
     </span>
    </p>

    <p class='ocr_par' dir='ltr' id='par_1_4' title="bbox 318 639 1012 789">
     <span class='ocr_line' id='line_1_4' title="bbox 407 639 1012 720; baseline 0.007 -21"><span class='ocrx_word' id='word_1_9' title='bbox 407 646 585 701; x_wconf 88' lang='lat' dir='ltr'>nasoentem</span> <span class='ocrx_word' id='word_1_10' title='bbox 608 639 728 720; x_wconf 84' lang='lat' dir='ltr'>placido</span> <span class='ocrx_word' id='word_1_11' title='bbox 752 641 864 701; x_wconf 88' lang='lat' dir='ltr'>lumine</span> <span class='ocrx_word' id='word_1_12' title='bbox 888 642 1012 718; x_wconf 85' lang='lat' dir='ltr'>videris,</span> 
     </span>
     <span class='ocr_line' id='line_1_5' title="bbox 318 727 766 789; baseline 0.004 -3"><span class='ocrx_word' id='word_1_13' title='bbox 318 727 402 787; x_wconf 90' lang='lat' dir='ltr'>illum</span> <span class='ocrx_word' id='word_1_14' title='bbox 425 747 484 787; x_wconf 92' lang='lat' dir='ltr'>non</span> <span class='ocrx_word' id='word_1_15' title='bbox 509 728 595 789; x_wconf 88' lang='lat' dir='ltr'>labor</span> <span class='ocrx_word' id='word_1_16' title='bbox 619 727 766 788; x_wconf 82' lang='lat' dir='ltr'><strong>Isthmius</strong></span> 
     </span>
    </p>

    <p class='ocr_par' dir='ltr' id='par_1_5' title="bbox 407 815 1054 899">
     <span class='ocr_line' id='line_1_6' title="bbox 407 815 1054 899; baseline 0.005 -23"><span class='ocrx_word' id='word_1_17' title='bbox 407 815 536 877; x_wconf 82' lang='lat' dir='ltr'>clarabit</span> <span class='ocrx_word' id='word_1_18' title='bbox 559 818 705 897; x_wconf 82' lang='lat' dir='ltr'>pugilem,</span> <span class='ocrx_word' id='word_1_19' title='bbox 728 835 790 877; x_wconf 88' lang='lat' dir='ltr'>non</span> <span class='ocrx_word' id='word_1_20' title='bbox 813 837 909 896; x_wconf 88' lang='lat' dir='ltr'>equus</span> <span class='ocrx_word' id='word_1_21' title='bbox 932 819 1054 899; x_wconf 84' lang='lat' dir='ltr'>inpiger</span> 
     </span>
    </p>
   </div>
   <div class='ocr_carea' id='block_1_4' title="bbox 317 956 1097 1302">
    <p class='ocr_par' dir='ltr' id='par_1_6' title="bbox 318 956 682 1018">
     <span class='ocr_line' id='line_1_7' title="bbox 318 956 682 1018; baseline 0.003 -2"><span class='ocrx_word' id='word_1_22' title='bbox 318 975 409 1016; x_wconf 86' lang='lat' dir='ltr'>ourru</span> <span class='ocrx_word' id='word_1_23' title='bbox 433 956 526 1018; x_wconf 88' lang='lat' dir='ltr'>duoet</span> <span class='ocrx_word' id='word_1_24' title='bbox 551 956 682 1018; x_wconf 83' lang='lat' dir='ltr'>thaioo</span> 
     </span>
    </p>

    <p class='ocr_par' dir='ltr' id='par_1_7' title="bbox 317 1046 1016 1208">
     <span class='ocr_line' id='line_1_8' title="bbox 407 1046 1016 1126; baseline 0.005 -22"><span class='ocrx_word' id='word_1_25' title='bbox 407 1047 563 1120; x_wconf 81' lang='lat' dir='ltr'>victorem,</span> <span class='ocrx_word' id='word_1_26' title='bbox 588 1065 687 1126; x_wconf 87' lang='lat' dir='ltr'>neque</span> <span class='ocrx_word' id='word_1_27' title='bbox 713 1066 762 1106; x_wconf 89' lang='lat' dir='ltr'>res</span> <span class='ocrx_word' id='word_1_28' title='bbox 787 1047 897 1111; x_wconf 80' lang='lat' dir='ltr'>bellica</span> <span class='ocrx_word' id='word_1_29' title='bbox 920 1046 1016 1108; x_wconf 88' lang='lat' dir='ltr'>Deliis</span> 
     </span>
     <span class='ocr_line' id='line_1_9' title="bbox 317 1134 704 1208; baseline 0 -15"><span class='ocrx_word' id='word_1_30' title='bbox 317 1138 460 1197; x_wconf 84' lang='lat' dir='ltr'>ornatum</span> <span class='ocrx_word' id='word_1_31' title='bbox 484 1134 562 1194; x_wconf 82' lang='lat' dir='ltr'>foliis</span> <span class='ocrx_word' id='word_1_32' title='bbox 587 1136 704 1208; x_wconf 83' lang='lat' dir='ltr'>ducem,</span> 
     </span>
    </p>

    <p class='ocr_par' dir='ltr' id='par_1_8' title="bbox 408 1222 1097 1302">
     <span class='ocr_line' id='line_1_10' title="bbox 408 1222 1097 1302; baseline 0.001 -20"><span class='ocrx_word' id='word_1_33' title='bbox 408 1222 487 1300; x_wconf 91' lang='lat' dir='ltr'>quod</span> <span class='ocrx_word' id='word_1_34' title='bbox 511 1241 618 1302; x_wconf 82' lang='lat' dir='ltr'>regum</span> <span class='ocrx_word' id='word_1_35' title='bbox 642 1222 774 1283; x_wconf 91' lang='lat' dir='ltr'>tumidas</span> <span class='ocrx_word' id='word_1_36' title='bbox 798 1224 970 1284; x_wconf 87' lang='lat' dir='ltr'>oontuderit</span> <span class='ocrx_word' id='word_1_37' title='bbox 992 1226 1097 1297; x_wconf 82' lang='lat' dir='ltr'>minas,</span> 
     </span>
    </p>
   </div>
   <div class='ocr_carea' id='block_1_5' title="bbox 318 1361 1137 1707">
    <p class='ocr_par' dir='ltr' id='par_1_9' title="bbox 319 1361 1020 1443">
     <span class='ocr_line' id='line_1_11' title="bbox 319 1361 1020 1443; baseline 0.004 -21"><span class='ocrx_word' id='word_1_38' title='bbox 319 1363 463 1423; x_wconf 89' lang='lat' dir='ltr'>ostendet</span> <span class='ocrx_word' id='word_1_39' title='bbox 485 1361 645 1443; x_wconf 76' lang='lat' dir='ltr'>Capitoli03</span> <span class='ocrx_word' id='word_1_40' title='bbox 1018 1420 1020 1425; x_wconf 91' lang='lat'><em>.</em></span> 
     </span>
    </p>

    <p class='ocr_par' dir='ltr' id='par_1_10' title="bbox 318 1448 1137 1620">
     <span class='ocr_line' id='line_1_12' title="bbox 408 1448 1137 1534; baseline 0.004 -24"><span class='ocrx_word' id='word_1_41' title='bbox 408 1448 467 1510; x_wconf 83' lang='lat' dir='ltr'>sed</span> <span class='ocrx_word' id='word_1_42' title='bbox 486 1471 565 1530; x_wconf 88' lang='lat' dir='ltr'>quae</span> <span class='ocrx_word' id='word_1_43' title='bbox 590 1451 685 1511; x_wconf 83' lang='lat' dir='ltr'>Tibur</span> <span class='ocrx_word' id='word_1_44' title='bbox 709 1470 807 1532; x_wconf 87' lang='lat' dir='ltr'>aquae</span> <span class='ocrx_word' id='word_1_45' title='bbox 830 1453 931 1514; x_wconf 87' lang='lat' dir='ltr'>fertile</span> <span class='ocrx_word' id='word_1_46' title='bbox 956 1454 1137 1534; x_wconf 84' lang='lat' dir='ltr'>praefluunt,</span> 
     </span>
     <span class='ocr_line' id='line_1_13' title="bbox 318 1539 799 1620; baseline 0.006 -22"><span class='ocrx_word' id='word_1_47' title='bbox 318 1545 350 1599; x_wconf 93' lang='lat' dir='ltr'>et</span> <span class='ocrx_word' id='word_1_48' title='bbox 374 1539 492 1620; x_wconf 79' lang='lat' dir='ltr'>spissae</span> <span class='ocrx_word' id='word_1_49' title='bbox 515 1559 671 1599; x_wconf 90' lang='lat' dir='ltr'>nemorum</span> <span class='ocrx_word' id='word_1_50' title='bbox 696 1559 799 1601; x_wconf 85' lang='lat' dir='ltr'>comae</span> 
     </span>
    </p>

    <p class='ocr_par' dir='ltr' id='par_1_11' title="bbox 408 1626 974 1707">
     <span class='ocr_line' id='line_1_14' title="bbox 408 1626 974 1707; baseline 0.004 -20"><span class='ocrx_word' id='word_1_51' title='bbox 408 1626 526 1707; x_wconf 82' lang='lat' dir='ltr'>fingent</span> <span class='ocrx_word' id='word_1_52' title='bbox 548 1628 655 1688; x_wconf 90' lang='lat' dir='ltr'>Aeolio</span> <span class='ocrx_word' id='word_1_53' title='bbox 679 1628 811 1689; x_wconf 84' lang='lat' dir='ltr'>earmina</span> <span class='ocrx_word' id='word_1_54' title='bbox 835 1629 974 1690; x_wconf 87' lang='lat' dir='ltr'>nobilem.</span> 
     </span>
    </p>
   </div>
   <div class='ocr_carea' id='block_1_6' title="bbox 319 1768 1057 2096">
    <p class='ocr_par' dir='ltr' id='par_1_12' title="bbox 319 1768 762 1849">
     <span class='ocr_line' id='line_1_15' title="bbox 319 1768 762 1849; baseline 0.002 -21"><span class='ocrx_word' id='word_1_55' title='bbox 319 1768 444 1841; x_wconf 84' lang='lat' dir='ltr'>Romae,</span> <span class='ocrx_word' id='word_1_56' title='bbox 467 1768 610 1849; x_wconf 87' lang='lat' dir='ltr'>principis</span> <span class='ocrx_word' id='word_1_57' title='bbox 634 1770 762 1844; x_wconf 89' lang='lat' dir='ltr'>urbium,</span> 
     </span>
    </p>

    <p class='ocr_par' dir='ltr' id='par_1_13' title="bbox 320 1856 963 2026">
     <span class='ocr_line' id='line_1_16' title="bbox 407 1856 963 1935; baseline 0.004 -19"><span class='ocrx_word' id='word_1_58' title='bbox 407 1857 553 1935; x_wconf 83' lang='lat' dir='ltr'>dignatur</span> <span class='ocrx_word' id='word_1_59' title='bbox 576 1858 697 1917; x_wconf 83' lang='lat' dir='ltr'>suboles</span> <span class='ocrx_word' id='word_1_60' title='bbox 721 1856 800 1918; x_wconf 90' lang='lat' dir='ltr'>inter</span> <span class='ocrx_word' id='word_1_61' title='bbox 824 1858 963 1918; x_wconf 75' lang='lat' dir='ltr'>amabilis</span> 
     </span>
     <span class='ocr_line' id='line_1_17' title="bbox 320 1946 772 2026; baseline 0.002 -22"><span class='ocrx_word' id='word_1_62' title='bbox 320 1953 423 2005; x_wconf 81' lang='lat' dir='ltr'>vatum</span> <span class='ocrx_word' id='word_1_63' title='bbox 447 1964 560 2026; x_wconf 92' lang='lat' dir='ltr'>ponere</span> <span class='ocrx_word' id='word_1_64' title='bbox 584 1965 631 2005; x_wconf 89' lang='lat' dir='ltr'>me</span> <span class='ocrx_word' id='word_1_65' title='bbox 655 1946 772 2021; x_wconf 77' lang='lat' dir='ltr'>choree,</span> 
     </span>
    </p>

    <p class='ocr_par' dir='ltr' id='par_1_14' title="bbox 408 2034 1057 2096">
     <span class='ocr_line' id='line_1_18' title="bbox 408 2034 1057 2096; baseline 0.003 -3"><span class='ocrx_word' id='word_1_66' title='bbox 408 2039 438 2094; x_wconf 90' lang='lat' dir='ltr'>et</span> <span class='ocrx_word' id='word_1_67' title='bbox 461 2034 521 2094; x_wconf 90' lang='lat' dir='ltr'>iam</span> <span class='ocrx_word' id='word_1_68' title='bbox 545 2034 636 2094; x_wconf 89' lang='lat' dir='ltr'>dente</span> <span class='ocrx_word' id='word_1_69' title='bbox 659 2034 758 2094; x_wconf 87' lang='lat' dir='ltr'>minus</span> <span class='ocrx_word' id='word_1_70' title='bbox 782 2035 923 2094; x_wconf 83' lang='lat' dir='ltr'>mordeor</span> <span class='ocrx_word' id='word_1_71' title='bbox 946 2034 1057 2096; x_wconf 87' lang='lat' dir='ltr'>invido.</span> 
     </span>
    </p>
   </div>
   <div class='ocr_carea' id='block_1_7' title="bbox 319 2172 1122 2521">
    <p class='ocr_par' dir='ltr' id='par_1_15' title="bbox 320 2172 658 2235">
     <span class='ocr_line' id='line_1_19' title="bbox 320 2172 658 2235; baseline 0.003 -1"><span class='ocrx_word' id='word_1_72' title='bbox 320 2193 337 2234; x_wconf 95' lang='lat' dir='ltr'>o</span> <span class='ocrx_word' id='word_1_73' title='bbox 360 2172 523 2234; x_wconf 88' lang='lat' dir='ltr'>testudinis</span> <span class='ocrx_word' id='word_1_74' title='bbox 547 2193 658 2235; x_wconf 82' lang='lat' dir='ltr'>aureae</span> 
     </span>
    </p>

    <p class='ocr_par' dir='ltr' id='par_1_16' title="bbox 319 2262 1122 2432">
     <span class='ocr_line' id='line_1_20' title="bbox 410 2262 1122 2345; baseline 0.003 -23"><span class='ocrx_word' id='word_1_75' title='bbox 410 2262 527 2322; x_wconf 79' lang='lat' dir='ltr'>dulcem</span> <span class='ocrx_word' id='word_1_76' title='bbox 551 2283 628 2342; x_wconf 87' lang='lat' dir='ltr'>quae</span> <span class='ocrx_word' id='word_1_77' title='bbox 652 2262 822 2343; x_wconf 80' lang='lat' dir='ltr'>strepitum,</span> <span class='ocrx_word' id='word_1_78' title='bbox 846 2262 936 2338; x_wconf 87' lang='lat' dir='ltr'>Pieri,</span> <span class='ocrx_word' id='word_1_79' title='bbox 962 2270 1122 2345; x_wconf 80' lang='lat' dir='ltr'>temperas,</span> 
     </span>
     <span class='ocr_line' id='line_1_21' title="bbox 319 2351 753 2432; baseline -0.002 -21"><span class='ocrx_word' id='word_1_80' title='bbox 319 2351 452 2412; x_wconf 88' lang='lat' dir='ltr'>omutie</span> <span class='ocrx_word' id='word_1_81' title='bbox 476 2370 597 2431; x_wconf 89' lang='lat' dir='ltr'>quoque</span> <span class='ocrx_word' id='word_1_82' title='bbox 620 2351 753 2432; x_wconf 90' lang='lat' dir='ltr'>pisoibus</span> 
     </span>
    </p>

    <p class='ocr_par' dir='ltr' id='par_1_17' title="bbox 408 2440 996 2521">
     <span class='ocr_line' id='line_1_22' title="bbox 408 2440 996 2521; baseline 0.002 -21"><span class='ocrx_word' id='word_1_83' title='bbox 408 2440 556 2500; x_wconf 86' lang='lat' dir='ltr'>donatura</span> <span class='ocrx_word' id='word_1_84' title='bbox 579 2441 677 2521; x_wconf 88' lang='lat' dir='ltr'>oyeni,</span> <span class='ocrx_word' id='word_1_85' title='bbox 702 2441 726 2499; x_wconf 87' lang='lat' dir='ltr'>si</span> <span class='ocrx_word' id='word_1_86' title='bbox 750 2441 854 2515; x_wconf 84' lang='lat' dir='ltr'>libeat,</span> <span class='ocrx_word' id='word_1_87' title='bbox 878 2460 996 2516; x_wconf 89' lang='lat' dir='ltr'>sonum,</span> 
     </span>
    </p>
   </div>
   <div class='ocr_carea' id='block_1_8' title="bbox 320 2581 1118 2926">
    <p class='ocr_par' dir='ltr' id='par_1_18' title="bbox 320 2581 799 2656">
     <span class='ocr_line' id='line_1_23' title="bbox 320 2581 799 2656; baseline 0 -15"><span class='ocrx_word' id='word_1_88' title='bbox 320 2587 416 2641; x_wconf 89' lang='lat' dir='ltr'>totum</span> <span class='ocrx_word' id='word_1_89' title='bbox 441 2581 573 2640; x_wconf 89' lang='lat' dir='ltr'>muneris</span> <span class='ocrx_word' id='word_1_90' title='bbox 598 2581 653 2641; x_wconf 92' lang='lat' dir='ltr'>hoo</span> <span class='ocrx_word' id='word_1_91' title='bbox 677 2581 718 2640; x_wconf 90' lang='lat' dir='ltr'>tui</span> <span class='ocrx_word' id='word_1_92' title='bbox 743 2589 799 2656; x_wconf 92' lang='lat' dir='ltr'>est,</span> 
     </span>
    </p>

    <p class='ocr_par' dir='ltr' id='par_1_19' title="bbox 320 2669 1080 2836">
     <span class='ocr_line' id='line_1_24' title="bbox 409 2669 1080 2750; baseline 0.001 -21"><span class='ocrx_word' id='word_1_93' title='bbox 409 2670 491 2748; x_wconf 91' lang='lat' dir='ltr'>quod</span> <span class='ocrx_word' id='word_1_94' title='bbox 515 2677 665 2729; x_wconf 91' lang='lat' dir='ltr'>monstror</span> <span class='ocrx_word' id='word_1_95' title='bbox 689 2669 783 2749; x_wconf 85' lang='lat' dir='ltr'>digito</span> <span class='ocrx_word' id='word_1_96' title='bbox 806 2671 1080 2750; x_wconf 65' lang='lat' dir='ltr'>praetereuntium</span> 
     </span>
     <span class='ocr_line' id='line_1_25' title="bbox 320 2757 719 2836; baseline 0.003 -19"><span class='ocrx_word' id='word_1_97' title='bbox 320 2757 475 2818; x_wconf 83' lang='lat' dir='ltr'>Romanae</span> <span class='ocrx_word' id='word_1_98' title='bbox 499 2757 608 2817; x_wconf 84' lang='lat' dir='ltr'>fidicen</span> <span class='ocrx_word' id='word_1_99' title='bbox 632 2759 719 2836; x_wconf 89' lang='lat' dir='ltr'>lyrae</span> 
     </span>
    </p>

    <p class='ocr_par' dir='ltr' id='par_1_20' title="bbox 408 2845 1118 2926">
     <span class='ocr_line' id='line_1_26' title="bbox 408 2845 1118 2926; baseline 0.003 -21"><span class='ocrx_word' id='word_1_100' title='bbox 408 2845 488 2924; x_wconf 90' lang='lat' dir='ltr'>qnod</span> <span class='ocrx_word' id='word_1_101' title='bbox 505 2846 585 2925; x_wconf 89' lang='lat' dir='ltr'>spiro</span> <span class='ocrx_word' id='word_1_102' title='bbox 602 2850 633 2905; x_wconf 92' lang='lat' dir='ltr'>et</span> <span class='ocrx_word' id='word_1_103' title='bbox 648 2846 762 2925; x_wconf 81' lang='lat' dir='ltr'>placeo,</span> <span class='ocrx_word' id='word_1_104' title='bbox 787 2847 812 2906; x_wconf 90' lang='lat' dir='ltr'>si</span> <span class='ocrx_word' id='word_1_105' title='bbox 828 2847 942 2926; x_wconf 87' lang='lat' dir='ltr'>placeo,</span> <span class='ocrx_word' id='word_1_106' title='bbox 964 2853 1048 2907; x_wconf 92' lang='lat' dir='ltr'>tuum</span> <span class='ocrx_word' id='word_1_107' title='bbox 1065 2854 1118 2907; x_wconf 88' lang='lat' dir='ltr'>est</span> 
     </span>
    </p>
   </div>
   <div class='ocr_carea' id='block_1_9' title="bbox 687 3114 746 3184">
    <p class='ocr_par' dir='ltr' id='par_1_21' title="bbox 687 3114 746 3184">
     <span class='ocr_line' id='line_1_27' title="bbox 687 3114 746 3184; baseline 0 -1"><span class='ocrx_word' id='word_1_108' title='bbox 687 3114 746 3184; x_wconf 90' lang='lat' dir='ltr'>IV.</span> 
     </span>
    </p>
   </div>
   <div class='ocr_carea' id='block_1_10' title="bbox 318 3250 1016 3597">
    <p class='ocr_par' dir='ltr' id='par_1_22' title="bbox 318 3250 1016 3597">
     <span class='ocr_line' id='line_1_28' title="bbox 318 3250 938 3324; baseline 0 -13"><span class='ocrx_word' id='word_1_109' title='bbox 318 3250 448 3321; x_wconf 78' lang='lat' dir='ltr'>Qualem</span> <span class='ocrx_word' id='word_1_110' title='bbox 474 3251 644 3311; x_wconf 83' lang='lat' dir='ltr'>ministrum</span> <span class='ocrx_word' id='word_1_111' title='bbox 667 3251 801 3311; x_wconf 87' lang='lat' dir='ltr'>fulminis</span> <span class='ocrx_word' id='word_1_112' title='bbox 824 3250 938 3324; x_wconf 84' lang='lat' dir='ltr'>alitem,</span> 
     </span>
     <span class='ocr_line' id='line_1_29' title="bbox 319 3339 1016 3419; baseline 0.001 -20"><span class='ocrx_word' id='word_1_113' title='bbox 319 3340 369 3400; x_wconf 90' lang='lat' dir='ltr'>oui</span> <span class='ocrx_word' id='word_1_114' title='bbox 392 3359 449 3399; x_wconf 85' lang='lat' dir='ltr'>rex</span> <span class='ocrx_word' id='word_1_115' title='bbox 473 3341 597 3400; x_wconf 91' lang='lat' dir='ltr'>deorum</span> <span class='ocrx_word' id='word_1_116' title='bbox 621 3359 748 3419; x_wconf 86' lang='lat' dir='ltr'>regnum</span> <span class='ocrx_word' id='word_1_117' title='bbox 772 3339 803 3399; x_wconf 89' lang='lat' dir='ltr'>in</span> <span class='ocrx_word' id='word_1_118' title='bbox 828 3350 896 3400; x_wconf 75' lang='lat' dir='ltr'>avis</span> <span class='ocrx_word' id='word_1_119' title='bbox 920 3359 1016 3419; x_wconf 81' lang='lat' dir='ltr'>vagas</span> 
     </span>
     <span class='ocr_line' id='line_1_30' title="bbox 364 3427 826 3509; baseline -0.002 -21"><span class='ocrx_word' id='word_1_120' title='bbox 364 3427 511 3509; x_wconf 81' lang='lat' dir='ltr'>permisit,</span> <span class='ocrx_word' id='word_1_121' title='bbox 534 3436 681 3507; x_wconf 84' lang='lat' dir='ltr'>expertus</span> <span class='ocrx_word' id='word_1_122' title='bbox 704 3427 826 3488; x_wconf 90' lang='lat' dir='ltr'>fidelem</span> 
     </span>
     <span class='ocr_line' id='line_1_31' title="bbox 408 3516 918 3597; baseline -0.004 -20"><span class='ocrx_word' id='word_1_123' title='bbox 408 3516 548 3597; x_wconf 87' lang='lat' dir='ltr'>Iuppiter</span> <span class='ocrx_word' id='word_1_124' title='bbox 571 3517 600 3575; x_wconf 92' lang='lat' dir='ltr'>in</span> <span class='ocrx_word' id='word_1_125' title='bbox 625 3517 807 3595; x_wconf 82' lang='lat' dir='ltr'>Ganymede</span> <span class='ocrx_word' id='word_1_126' title='bbox 830 3516 918 3589; x_wconf 84' lang='lat' dir='ltr'>flavo,</span> 
     </span>
    </p>
   </div>
   <div class='ocr_carea' id='block_1_11' title="bbox 320 3656 871 3982">
    <p class='ocr_par' dir='ltr' id='par_1_23' title="bbox 320 3656 863 3737">
     <span class='ocr_line' id='line_1_32' title="bbox 320 3656 863 3737; baseline -0.004 -20"><span class='ocrx_word' id='word_1_127' title='bbox 320 3657 391 3717; x_wconf 90' lang='lat' dir='ltr'>olim</span> <span class='ocrx_word' id='word_1_128' title='bbox 414 3657 555 3717; x_wconf 88' lang='lat' dir='ltr'>iuventas</span> <span class='ocrx_word' id='word_1_129' title='bbox 579 3663 611 3717; x_wconf 84' lang='lat' dir='ltr'>et</span> <span class='ocrx_word' id='word_1_130' title='bbox 633 3657 750 3737; x_wconf 92' lang='lat' dir='ltr'>patrius</span> <span class='ocrx_word' id='word_1_131' title='bbox 775 3656 863 3735; x_wconf 82' lang='lat' dir='ltr'>vigor</span> 
     </span>
    </p>

    <p class='ocr_par' dir='ltr' id='par_1_24' title="bbox 320 3744 866 3825">
     <span class='ocr_line' id='line_1_33' title="bbox 320 3744 866 3825; baseline -0.002 -21"><span class='ocrx_word' id='word_1_132' title='bbox 320 3745 390 3806; x_wconf 89' lang='lat' dir='ltr'>nido</span> <span class='ocrx_word' id='word_1_133' title='bbox 413 3746 550 3805; x_wconf 87' lang='lat' dir='ltr'>laborum</span> <span class='ocrx_word' id='word_1_134' title='bbox 572 3745 707 3825; x_wconf 79' lang='lat' dir='ltr'>propulit</span> <span class='ocrx_word' id='word_1_135' title='bbox 729 3744 866 3818; x_wconf 89' lang='lat' dir='ltr'>insoium,</span> 
     </span>
    </p>

    <p class='ocr_par' dir='ltr' id='par_1_25' title="bbox 364 3833 871 3982">
     <span class='ocr_line' id='line_1_34' title="bbox 364 3833 871 3913; baseline -0.002 -21"><span class='ocrx_word' id='word_1_136' title='bbox 364 3834 511 3913; x_wconf 83' lang='lat' dir='ltr'>vernique</span> <span class='ocrx_word' id='word_1_137' title='bbox 535 3834 592 3892; x_wconf 92' lang='lat' dir='ltr'>iam</span> <span class='ocrx_word' id='word_1_138' title='bbox 616 3833 725 3893; x_wconf 91' lang='lat' dir='ltr'>nimbis</span> <span class='ocrx_word' id='word_1_139' title='bbox 746 3834 871 3893; x_wconf 87' lang='lat' dir='ltr'>remotis</span> 
     </span>
     <span class='ocr_line' id='line_1_35' title="bbox 407 3920 807 3982; baseline -0.003 -1"><span class='ocrx_word' id='word_1_140' title='bbox 407 3921 544 3982; x_wconf 89' lang='lat' dir='ltr'>insolitos</span> <span class='ocrx_word' id='word_1_141' title='bbox 568 3923 698 3981; x_wconf 83' lang='lat' dir='ltr'>docuere</span> <span class='ocrx_word' id='word_1_142' title='bbox 722 3920 807 3980; x_wconf 90' lang='lat' dir='ltr'>nisus</span> 
     </span>
    </p>
   </div>
   <div class='ocr_carea' id='block_1_12' title="bbox 320 4061 963 4407">
    <p class='ocr_par' dir='ltr' id='par_1_26' title="bbox 320 4061 963 4407">
     <span class='ocr_line' id='line_1_36' title="bbox 320 4061 865 4142; baseline 0.004 -22"><span class='ocrx_word' id='word_1_143' title='bbox 320 4061 405 4122; x_wconf 87' lang='lat' dir='ltr'>venti</span> <span class='ocrx_word' id='word_1_144' title='bbox 428 4067 601 4142; x_wconf 88' lang='lat' dir='ltr'>paventem,</span> <span class='ocrx_word' id='word_1_145' title='bbox 625 4082 695 4122; x_wconf 87' lang='lat' dir='ltr'>mox</span> <span class='ocrx_word' id='word_1_146' title='bbox 720 4063 749 4122; x_wconf 93' lang='lat' dir='ltr'>in</span> <span class='ocrx_word' id='word_1_147' title='bbox 774 4061 865 4123; x_wconf 84' lang='lat' dir='ltr'>ovilia</span> 
     </span>
     <span class='ocr_line' id='line_1_37' title="bbox 320 4149 896 4230; baseline 0 -21"><span class='ocrx_word' id='word_1_148' title='bbox 320 4149 443 4210; x_wconf 88' lang='lat' dir='ltr'>demisit</span> <span class='ocrx_word' id='word_1_149' title='bbox 466 4150 584 4211; x_wconf 90' lang='lat' dir='ltr'>hostem</span> <span class='ocrx_word' id='word_1_150' title='bbox 608 4151 731 4210; x_wconf 82' lang='lat' dir='ltr'>vividus</span> <span class='ocrx_word' id='word_1_151' title='bbox 755 4151 896 4230; x_wconf 89' lang='lat' dir='ltr'>impetus,</span> 
     </span>
     <span class='ocr_line' id='line_1_38' title="bbox 364 4238 878 4300; baseline -0.002 -3"><span class='ocrx_word' id='word_1_152' title='bbox 364 4238 497 4299; x_wconf 86' lang='lat' dir='ltr'>nuncin</span> <span class='ocrx_word' id='word_1_153' title='bbox 521 4239 704 4300; x_wconf 73' lang='lat' dir='ltr'>reluctantis</span> <span class='ocrx_word' id='word_1_154' title='bbox 729 4239 878 4298; x_wconf 83' lang='lat' dir='ltr'>dracones</span> 
     </span>
     <span class='ocr_line' id='line_1_39' title="bbox 409 4326 963 4407; baseline 0 -21"><span class='ocrx_word' id='word_1_155' title='bbox 409 4326 473 4406; x_wconf 81' lang='lat' dir='ltr'>egit</span> <span class='ocrx_word' id='word_1_156' title='bbox 495 4345 579 4387; x_wconf 89' lang='lat' dir='ltr'>amor</span> <span class='ocrx_word' id='word_1_157' title='bbox 603 4328 689 4407; x_wconf 89' lang='lat' dir='ltr'>dapis</span> <span class='ocrx_word' id='word_1_158' title='bbox 712 4332 805 4406; x_wconf 89' lang='lat' dir='ltr'>atque</span> <span class='ocrx_word' id='word_1_159' title='bbox 828 4346 963 4407; x_wconf 66' lang='lat' dir='ltr'>pugnae,</span> 
     </span>
    </p>
   </div>
   <div class='ocr_carea' id='block_1_13' title="bbox 0 0 1537 4850">
    <p class='ocr_par' dir='ltr' id='par_1_27' title="bbox 0 0 1537 4850">
     <span class='ocr_line' id='line_1_40' title="bbox 0 0 1537 4850; baseline 0 0"><span class='ocrx_word' id='word_1_160' title='bbox 0 0 1537 4850; x_wconf 95' lang='lat' dir='ltr'> </span> 
     </span>
    </p>
   </div>
  </div>
 </body>
</html>
