3059 4850
716 262 812 297 11-111.

419 426 541 468 sacrum
564 406 695 468 vetustis
718 411 863 466 exstruat
885 405 976 484 lignis
998 405 1098 466 focum

505 495 578 555 lassi
601 496 658 555 sub
681 495 847 555 adventum
870 494 930 553 riri

418 584 625 663 claudensque
649 583 743 644 textis
766 582 901 644 cratibus
926 582 1039 644 laetum
1062 602 1157 664 pecus

507 671 640 732 distenta
664 671 759 732 siccet
781 672 878 732 ubera

418 765 450 822 et
474 761 569 821 horna
592 760 674 820 dulci
700 760 771 820 vina
794 777 937 840 promens
961 759 1041 820 dolio

506 849 602 929 dapes
626 848 777 929 inemptas
801 847 949 927 adparet:

417 956 477 998 nou
501 956 548 996 me
571 935 705 997 Lucrina
728 936 863 996 iuverint
885 934 1047 1016 conchylia

506 1024 645 1104 magisve
668 1025 813 1084 rhombus
837 1034 891 1084 aut
914 1024 1003 1098 scari,

418 1114 443 1173 si
467 1132 542 1192 quos
565 1111 639 1173 Eois
662 1114 798 1173 intonata
820 1111 963 1172 fluctibus

506 1201 623 1282 hiemps
646 1203 685 1261 ad
709 1201 766 1261 hoo
789 1205 893 1261 vertat
915 1219 1009 1274 marc,

418 1308 477 1349 non
500 1289 577 1349 Afra
600 1288 666 1349 avis
691 1289 860 1350 descendat
882 1289 912 1348 in
937 1295 1077 1350 ventrem
1099 1307 1208 1360 meum,

504 1397 564 1439 non
588 1382 714 1457 attagen
740 1377 863 1438 lonicus

417 1465 585 1539 iucundior,
608 1484 699 1545 quam
724 1467 805 1527 lecta
827 1465 866 1525 dc
890 1464 1098 1546 pinguissimis

505 1554 586 1614 oliva
608 1553 700 1614 ramis
725 1555 866 1614 arborum

417 1648 469 1704 aut
492 1642 588 1702 herba
609 1642 724 1722 lapathi
747 1648 836 1722 prata
859 1640 987 1701 amantis
1012 1649 1043 1701 et
1065 1640 1154 1720 gravi

504 1731 624 1790 malvae
648 1731 789 1791 salubres
813 1729 932 1811 corpori

417 1819 468 1879 vel
491 1837 571 1898 agna
594 1818 682 1879 festis
706 1837 798 1879 caesa
821 1817 1045 1878 Terminalibus

505 1907 555 1968 vel
578 1906 697 1967 haedus
720 1915 846 1988 ereptus
870 1906 950 1986 lupo.

418 1996 472 2056 has
495 1995 577 2056 inter
599 1994 706 2076 epulas
730 2002 765 2056 ut
789 1996 876 2055 iuvat
897 1998 1002 2074 pastas
1024 2003 1093 2054 ovis

505 2085 612 2144 videre
636 2093 831 2164 properantis
854 2083 985 2156 domum,

418 2172 523 2233 videre
545 2171 644 2231 fessos
667 2191 822 2232 vomerem
846 2171 1003 2231 inversum
1027 2171 1123 2230 boves

506 2259 583 2321 collo
605 2260 756 2321 trahentis
780 2259 924 2339 languido

418 2348 593 2430 positosque
617 2367 738 2423 vernas,
763 2348 835 2408 ditis
859 2366 990 2408 examen
1015 2347 1131 2416 domus,

505 2440 619 2499 circum
641 2438 815 2498 renidentis
838 2435 960 2498 Laris.“
981 2470 1019 2481 -

417 2526 493 2588 haec
515 2525 566 2586 ubi
590 2526 708 2587 locutus
731 2526 906 2587 faenerator
929 2523 1037 2599 Allius,

505 2614 564 2675 iam
587 2614 646 2674 iam
670 2613 957 2684 iuturus'rusticus,

419 2721 538 2763 omnem
561 2701 684 2781 redegit
706 2702 813 2762 Idibus
835 2700 1004 2782 pecuniam,

506 2791 626 2871 quaerit
649 2790 799 2851 Kalendis
823 2809 945 2871 ponere.

726 3005 791 3075 Ill.

418 3177 560 3238 Parentis
583 3177 654 3239 olim
677 3177 702 3237 si
726 3177 796 3257 quis
818 3177 901 3258 inpia
924 3197 1015 3238 manu

506 3265 602 3326 senile
625 3273 734 3345 guttur
758 3266 895 3345 fregerit,

418 3354 482 3414 edit
505 3353 612 3415 cicutis
636 3355 727 3414 alium
750 3354 920 3414 nocentius.

505 3462 523 3503 o
547 3442 624 3503 dura
645 3460 815 3502 messorum
839 3442 903 3501 ilis!

418 3530 490 3608 quid
514 3532 571 3591 hoc
594 3530 705 3590 veneni
728 3531 830 3591 saeuit
852 3532 882 3590 in
905 3528 1113 3609 praecordiis?

506 3638 579 3678 num
602 3618 760 3699 viperinus
784 3619 831 3678 bis
854 3636 944 3678 cruor

417 3705 554 3767 incoctus
578 3707 681 3766 herbis
705 3726 754 3767 me
777 3706 894 3781 fefellit,
919 3725 957 3765 an
979 3705 1077 3767 malas

507 3792 635 3856 Canidia
657 3796 804 3856 traotavit
827 3790 945 3875 dapes?

418 3887 452 3942 ut
475 3884 669 3962 Argonautas
693 3887 817 3964 praeter
839 3890 939 3943 omnis
961 3881 1124 3943 candidum

504 3970 618 4032 Medea
641 3971 751 4032 mirata
773 3977 823 4032 est
847 3971 964 4045 ducem,

418 4059 522 4139 ignota
544 4060 640 4119 tauris
663 4059 863 4139 inligaturum
888 4061 960 4138 iuga

504 4147 650 4228 perunxit
672 4149 729 4208 hoo
752 4148 903 4222 Iasonem,

418 4236 474 4297 hoc
497 4236 641 4297 delibutis
664 4236 730 4296 ulta
753 4236 840 4296 donis
863 4236 1011 4316 paelicem

506 4330 649 4405 serpente
671 4324 752 4404 fugit
775 4324 854 4386 alite.
