<?xml version="1.0" encoding="UTF-8"?>
<!DOCTYPE html PUBLIC "-//W3C//DTD XHTML 1.0 Transitional//EN"
    "http://www.w3.org/TR/xhtml1/DTD/xhtml1-transitional.dtd">
<html xmlns="http://www.w3.org/1999/xhtml" xml:lang="en" lang="en">
 <head>
  <title>
</title>
<meta http-equiv="Content-Type" content="text/html;charset=utf-8" />
  <meta name='ocr-system' content='tesseract 3.04.00' />
  <meta name='ocr-capabilities' content='ocr_page ocr_carea ocr_par ocr_line ocrx_word'/>
</head>
<body>
  <div class='ocr_page' id='page_1' title='image "./odenundepoden01horagoog_0064.png"; bbox 0 0 3059 4850; ppageno 0'>
   <div class='ocr_carea' id='block_1_1' title="bbox 521 250 1924 320">
    <p class='ocr_par' dir='ltr' id='par_1_1' title="bbox 521 250 1924 320">
     <span class='ocr_line' id='line_1_1' title="bbox 521 250 1924 320; baseline 0.011 -17"><span class='ocrx_word' id='word_1_1' title='bbox 521 250 601 306; x_wconf 55' lang='grc' dir='ltr'>,ἦέ</span> <span class='ocrx_word' id='word_1_2' title='bbox 1309 275 1551 320; x_wconf 65' lang='lat' dir='ltr'>nonam</span> <span class='ocrx_word' id='word_1_3' title='bbox 1582 275 1924 320; x_wconf 67' lang='lat' dir='ltr'>cARMmm(</span> 
     </span>
    </p>
   </div>
   <div class='ocr_carea' id='block_1_2' title="bbox 417 422 2405 749">
    <p class='ocr_par' dir='ltr' id='par_1_2' title="bbox 417 422 2405 749">
     <span class='ocr_line' id='line_1_2' title="bbox 942 422 2405 503; baseline 0 -21"><span class='ocrx_word' id='word_1_4' title='bbox 942 423 1221 502; x_wconf 82' lang='lat' dir='ltr'>quamvis</span> <span class='ocrx_word' id='word_1_5' title='bbox 1265 442 1382 484; x_wconf 88' lang='lat' dir='ltr'>non</span> <span class='ocrx_word' id='word_1_6' title='bbox 1434 423 1589 483; x_wconf 86' lang='lat' dir='ltr'>alius</span> <span class='ocrx_word' id='word_1_7' title='bbox 1637 422 1885 485; x_wconf 86' lang='lat' dir='ltr'>flectere</span> <span class='ocrx_word' id='word_1_8' title='bbox 1927 442 2149 503; x_wconf 88' lang='lat' dir='ltr'>equum</span> <span class='ocrx_word' id='word_1_9' title='bbox 2198 423 2405 483; x_wconf 81' lang='lat' dir='ltr'>sciens</span> 
     </span>
     <span class='ocr_line' id='line_1_3' title="bbox 942 511 2167 591; baseline 0 -19"><span class='ocrx_word' id='word_1_10' title='bbox 942 530 1134 590; x_wconf 88' lang='lat' dir='ltr'>aeque</span> <span class='ocrx_word' id='word_1_11' title='bbox 1184 511 1558 591; x_wconf 80' lang='lat' dir='ltr'><strong>conspicitur</strong></span> <span class='ocrx_word' id='word_1_12' title='bbox 1603 513 1879 590; x_wconf 88' lang='lat' dir='ltr'>gramine</span> <span class='ocrx_word' id='word_1_13' title='bbox 1926 511 2167 587; x_wconf 77' lang='lat' dir='ltr'>MartiO,</span> 
     </span>
     <span class='ocr_line' id='line_1_4' title="bbox 1031 600 1951 680; baseline 0.002 -21"><span class='ocrx_word' id='word_1_14' title='bbox 1031 618 1142 660; x_wconf 90' lang='lat' dir='ltr'>nec</span> <span class='ocrx_word' id='word_1_15' title='bbox 1189 600 1505 680; x_wconf 89' lang='lat' dir='ltr'>quisquam</span> <span class='ocrx_word' id='word_1_16' title='bbox 1556 600 1712 660; x_wconf 87' lang='lat' dir='ltr'>citus</span> <span class='ocrx_word' id='word_1_17' title='bbox 1759 618 1951 679; x_wconf 89' lang='lat' dir='ltr'>aeque</span> 
     </span>
     <span class='ocr_line' id='line_1_5' title="bbox 417 687 1865 749; baseline 0.001 -3"><span class='ocrx_word' id='word_1_18' title='bbox 417 698 481 746; x_wconf 51' lang='grc' dir='ltr'>ΞΕ</span> <span class='ocrx_word' id='word_1_19' title='bbox 1120 687 1320 749; x_wconf 82' lang='lat' dir='ltr'>Tusco</span> <span class='ocrx_word' id='word_1_20' title='bbox 1370 689 1623 748; x_wconf 85' lang='lat' dir='ltr'>denatat</span> <span class='ocrx_word' id='word_1_21' title='bbox 1669 688 1865 748; x_wconf 87' lang='lat' dir='ltr'>alveo.</span> 
     </span>
    </p>
   </div>
   <div class='ocr_carea' id='block_1_3' title="bbox 417 826 2456 1154">
    <p class='ocr_par' dir='ltr' id='par_1_3' title="bbox 417 826 2456 1154">
     <span class='ocr_line' id='line_1_6' title="bbox 942 826 2456 910; baseline -0.002 -21"><span class='ocrx_word' id='word_1_22' title='bbox 942 830 1138 910; x_wconf 87' lang='lat' dir='ltr'>prima</span> <span class='ocrx_word' id='word_1_23' title='bbox 1180 833 1356 890; x_wconf 90' lang='lat' dir='ltr'>nocte</span> <span class='ocrx_word' id='word_1_24' title='bbox 1405 829 1649 889; x_wconf 89' lang='lat' dir='ltr'>domum</span> <span class='ocrx_word' id='word_1_25' title='bbox 1696 826 1911 889; x_wconf 87' lang='lat' dir='ltr'>claude</span> <span class='ocrx_word' id='word_1_26' title='bbox 1957 847 2157 907; x_wconf 88' lang='lat' dir='ltr'>neque</span> <span class='ocrx_word' id='word_1_27' title='bbox 2205 829 2266 886; x_wconf 87' lang='lat' dir='ltr'>in</span> <span class='ocrx_word' id='word_1_28' title='bbox 2315 826 2456 887; x_wconf 85' lang='lat' dir='ltr'>vias</span> 
     </span>
     <span class='ocr_line' id='line_1_7' title="bbox 943 915 2177 996; baseline -0.001 -19"><span class='ocrx_word' id='word_1_29' title='bbox 943 918 1056 977; x_wconf 90' lang='lat' dir='ltr'>sub</span> <span class='ocrx_word' id='word_1_30' title='bbox 1104 925 1288 978; x_wconf 89' lang='lat' dir='ltr'>cantu</span> <span class='ocrx_word' id='word_1_31' title='bbox 1334 917 1629 996; x_wconf 83' lang='lat' dir='ltr'>querulae</span> <span class='ocrx_word' id='word_1_32' title='bbox 1678 917 1923 996; x_wconf 81' lang='lat' dir='ltr'>despice</span> <span class='ocrx_word' id='word_1_33' title='bbox 1972 915 2177 990; x_wconf 87' lang='lat' dir='ltr'>tibiae,</span> 
     </span>
     <span class='ocr_line' id='line_1_8' title="bbox 1033 1006 1731 1086; baseline -0.001 -21"><span class='ocrx_word' id='word_1_34' title='bbox 1033 1010 1097 1066; x_wconf 91' lang='lat' dir='ltr'>et</span> <span class='ocrx_word' id='word_1_35' title='bbox 1143 1011 1205 1067; x_wconf 90' lang='lat' dir='ltr'>te</span> <span class='ocrx_word' id='word_1_36' title='bbox 1254 1024 1439 1086; x_wconf 81' lang='lat' dir='ltr'>saepe</span> <span class='ocrx_word' id='word_1_37' title='bbox 1487 1006 1731 1066; x_wconf 84' lang='lat' dir='ltr'>vocanti</span> 
     </span>
     <span class='ocr_line' id='line_1_9' title="bbox 417 1092 1889 1154; baseline 0.001 -4"><span class='ocrx_word' id='word_1_38' title='bbox 417 1106 481 1154; x_wconf 58' lang='lat'>:³52</span> <span class='ocrx_word' id='word_1_39' title='bbox 1123 1094 1333 1154; x_wconf 87' lang='lat' dir='ltr'>duram</span> <span class='ocrx_word' id='word_1_40' title='bbox 1383 1092 1647 1154; x_wconf 83' lang='lat' dir='ltr'>difficilis</span> <span class='ocrx_word' id='word_1_41' title='bbox 1694 1111 1889 1153; x_wconf 87' lang='lat' dir='ltr'>mane.</span> 
     </span>
    </p>
   </div>
   <div class='ocr_carea' id='block_1_4' title="bbox 1525 1467 1722 1538">
    <p class='ocr_par' dir='ltr' id='par_1_4' title="bbox 1525 1467 1722 1538">
     <span class='ocr_line' id='line_1_10' title="bbox 1525 1467 1722 1538; baseline 0.005 -1"><span class='ocrx_word' id='word_1_42' title='bbox 1525 1467 1722 1538; x_wconf 84' lang='lat' dir='ltr'>V111.</span> 
     </span>
    </p>
   </div>
   <div class='ocr_carea' id='block_1_5' title="bbox 457 1639 2270 1985">
    <p class='ocr_par' dir='ltr' id='par_1_5' title="bbox 944 1639 2270 1898">
     <span class='ocr_line' id='line_1_11' title="bbox 944 1639 2270 1718; baseline -0.002 -16"><span class='ocrx_word' id='word_1_43' title='bbox 944 1640 1185 1702; x_wconf 84' lang='lat' dir='ltr'>Martiis</span> <span class='ocrx_word' id='word_1_44' title='bbox 1232 1639 1477 1702; x_wconf 88' lang='lat' dir='ltr'>caelebs</span> <span class='ocrx_word' id='word_1_45' title='bbox 1524 1639 1670 1718; x_wconf 87' lang='lat' dir='ltr'>quid</span> <span class='ocrx_word' id='word_1_46' title='bbox 1719 1658 1898 1718; x_wconf 82' lang='lat' dir='ltr'>agam</span> <span class='ocrx_word' id='word_1_47' title='bbox 1948 1639 2270 1715; x_wconf 83' lang='lat' dir='ltr'>Kalendis,</span> 
     </span>
     <span class='ocr_line' id='line_1_12' title="bbox 945 1727 2133 1809; baseline 0 -21"><span class='ocrx_word' id='word_1_48' title='bbox 945 1729 1094 1809; x_wconf 90' lang='lat' dir='ltr'>quid</span> <span class='ocrx_word' id='word_1_49' title='bbox 1142 1728 1335 1789; x_wconf 85' lang='lat' dir='ltr'>velint</span> <span class='ocrx_word' id='word_1_50' title='bbox 1379 1727 1562 1788; x_wconf 90' lang='lat' dir='ltr'>flores</span> <span class='ocrx_word' id='word_1_51' title='bbox 1611 1735 1675 1787; x_wconf 85' lang='lat' dir='ltr'>et</span> <span class='ocrx_word' id='word_1_52' title='bbox 1722 1746 1935 1788; x_wconf 82' lang='lat' dir='ltr'>acerra</span> <span class='ocrx_word' id='word_1_53' title='bbox 1982 1729 2133 1788; x_wconf 89' lang='lat' dir='ltr'>turis</span> 
     </span>
     <span class='ocr_line' id='line_1_13' title="bbox 945 1816 2151 1898; baseline -0.001 -22"><span class='ocrx_word' id='word_1_54' title='bbox 945 1818 1130 1898; x_wconf 88' lang='lat' dir='ltr'>plena</span> <span class='ocrx_word' id='word_1_55' title='bbox 1173 1816 1413 1876; x_wconf 85' lang='lat' dir='ltr'>miraris</span> <span class='ocrx_word' id='word_1_56' title='bbox 1459 1816 1814 1896; x_wconf 88' lang='lat' dir='ltr'>positusque</span> <span class='ocrx_word' id='word_1_57' title='bbox 1862 1818 2044 1877; x_wconf 88' lang='lat' dir='ltr'>carbo</span> <span class='ocrx_word' id='word_1_58' title='bbox 2091 1817 2151 1876; x_wconf 90' lang='lat' dir='ltr'>in</span> 
     </span>
    </p>

    <p class='ocr_par' dir='ltr' id='par_1_6' title="bbox 457 1904 1603 1985">
     <span class='ocr_line' id='line_1_14' title="bbox 457 1904 1603 1985; baseline -0.005 -17"><span class='ocrx_word' id='word_1_59' title='bbox 457 1918 481 1962; x_wconf 73' lang='grc'>4</span> <span class='ocrx_word' id='word_1_60' title='bbox 1121 1905 1392 1985; x_wconf 88' lang='lat' dir='ltr'>caespite</span> <span class='ocrx_word' id='word_1_61' title='bbox 1439 1904 1603 1977; x_wconf 90' lang='lat' dir='ltr'>vivo,</span> 
     </span>
    </p>
   </div>
   <div class='ocr_carea' id='block_1_6' title="bbox 457 2044 2163 2370">
    <p class='ocr_par' dir='ltr' id='par_1_7' title="bbox 945 2044 2163 2302">
     <span class='ocr_line' id='line_1_15' title="bbox 947 2044 2163 2124; baseline 0.001 -19"><span class='ocrx_word' id='word_1_62' title='bbox 947 2046 1123 2106; x_wconf 88' lang='lat' dir='ltr'>docte</span> <span class='ocrx_word' id='word_1_63' title='bbox 1170 2063 1481 2105; x_wconf 89' lang='lat' dir='ltr'>sermones</span> <span class='ocrx_word' id='word_1_64' title='bbox 1527 2044 1849 2123; x_wconf 88' lang='lat' dir='ltr'>utriusque</span> <span class='ocrx_word' id='word_1_65' title='bbox 1897 2044 2163 2124; x_wconf 85' lang='lat' dir='ltr'>linguae.</span> 
     </span>
     <span class='ocr_line' id='line_1_16' title="bbox 945 2132 2106 2213; baseline 0 -21"><span class='ocrx_word' id='word_1_66' title='bbox 945 2152 1236 2195; x_wconf 85' lang='lat' dir='ltr'>voveram</span> <span class='ocrx_word' id='word_1_67' title='bbox 1284 2132 1485 2194; x_wconf 63' lang='lat' dir='ltr'>dulcis</span> <span class='ocrx_word' id='word_1_68' title='bbox 1531 2133 1747 2213; x_wconf 87' lang='lat' dir='ltr'>epulas</span> <span class='ocrx_word' id='word_1_69' title='bbox 1793 2139 1858 2193; x_wconf 92' lang='lat' dir='ltr'>et</span> <span class='ocrx_word' id='word_1_70' title='bbox 1902 2132 2106 2193; x_wconf 87' lang='lat' dir='ltr'>album</span> 
     </span>
     <span class='ocr_line' id='line_1_17' title="bbox 947 2221 2060 2302; baseline 0 -21"><span class='ocrx_word' id='word_1_71' title='bbox 947 2221 1167 2283; x_wconf 90' lang='lat' dir='ltr'>Libero</span> <span class='ocrx_word' id='word_1_72' title='bbox 1215 2240 1462 2301; x_wconf 87' lang='lat' dir='ltr'>caprum</span> <span class='ocrx_word' id='word_1_73' title='bbox 1509 2240 1701 2302; x_wconf 86' lang='lat' dir='ltr'>prope</span> <span class='ocrx_word' id='word_1_74' title='bbox 1745 2222 2060 2283; x_wconf 83' lang='lat' dir='ltr'>funeratus</span> 
     </span>
    </p>

    <p class='ocr_par' dir='ltr' id='par_1_8' title="bbox 457 2310 1547 2370">
     <span class='ocr_line' id='line_1_18' title="bbox 457 2310 1547 2370; baseline 0 0"><span class='ocrx_word' id='word_1_75' title='bbox 457 2326 489 2358; x_wconf 50' lang='grc' dir='ltr'>-ὲ</span> <span class='ocrx_word' id='word_1_76' title='bbox 1125 2310 1358 2370; x_wconf 87' lang='lat' dir='ltr'>arboris</span> <span class='ocrx_word' id='word_1_77' title='bbox 1405 2310 1547 2370; x_wconf 89' lang='lat' dir='ltr'>ictu.</span> 
     </span>
    </p>
   </div>
   <div class='ocr_carea' id='block_1_7' title="bbox 433 2451 2214 2777">
    <p class='ocr_par' dir='ltr' id='par_1_9' title="bbox 947 2451 2049 2526">
     <span class='ocr_line' id='line_1_19' title="bbox 947 2451 2049 2526; baseline 0 -15"><span class='ocrx_word' id='word_1_78' title='bbox 947 2453 1044 2511; x_wconf 90' lang='lat' dir='ltr'>hic</span> <span class='ocrx_word' id='word_1_79' title='bbox 1091 2451 1241 2525; x_wconf 78' lang='lat' dir='ltr'>dies,</span> <span class='ocrx_word' id='word_1_80' title='bbox 1288 2470 1444 2512; x_wconf 89' lang='lat' dir='ltr'>anno</span> <span class='ocrx_word' id='word_1_81' title='bbox 1490 2452 1788 2512; x_wconf 81' lang='lat' dir='ltr'>redeunte</span> <span class='ocrx_word' id='word_1_82' title='bbox 1836 2453 2049 2526; x_wconf 84' lang='lat' dir='ltr'>festus,</span> 
     </span>
    </p>

    <p class='ocr_par' dir='ltr' id='par_1_10' title="bbox 949 2538 2214 2619">
     <span class='ocr_line' id='line_1_20' title="bbox 949 2538 2214 2619; baseline 0.001 -19"><span class='ocrx_word' id='word_1_83' title='bbox 949 2540 1237 2601; x_wconf 90' lang='lat' dir='ltr'>corticem</span> <span class='ocrx_word' id='word_1_84' title='bbox 1287 2538 1644 2600; x_wconf 89' lang='lat' dir='ltr'>adstrictum</span> <span class='ocrx_word' id='word_1_85' title='bbox 1694 2540 1828 2619; x_wconf 90' lang='lat' dir='ltr'>pice</span> <span class='ocrx_word' id='word_1_86' title='bbox 1878 2540 2214 2601; x_wconf 82' lang='lat' dir='ltr'>dimovebit</span> 
     </span>
    </p>

    <p class='ocr_par' dir='ltr' id='par_1_11' title="bbox 433 2628 2174 2777">
     <span class='ocr_line' id='line_1_21' title="bbox 950 2628 2174 2709; baseline 0.002 -20"><span class='ocrx_word' id='word_1_87' title='bbox 950 2628 1276 2709; x_wconf 87' lang='lat' dir='ltr'>amphorae</span> <span class='ocrx_word' id='word_1_88' title='bbox 1322 2628 1555 2688; x_wconf 84' lang='lat' dir='ltr'>fumum</span> <span class='ocrx_word' id='word_1_89' title='bbox 1602 2628 1810 2688; x_wconf 88' lang='lat' dir='ltr'>bibere</span> <span class='ocrx_word' id='word_1_90' title='bbox 1858 2628 2174 2691; x_wconf 84' lang='lat' dir='ltr'>institutae</span> 
     </span>
     <span class='ocr_line' id='line_1_22' title="bbox 433 2714 1619 2777; baseline 0.002 -2"><span class='ocrx_word' id='word_1_91' title='bbox 433 2727 489 2775; x_wconf 66' lang='grc' dir='ltr'>ει]</span> <span class='ocrx_word' id='word_1_92' title='bbox 1126 2716 1374 2777; x_wconf 88' lang='lat' dir='ltr'>consule</span> <span class='ocrx_word' id='word_1_93' title='bbox 1422 2714 1619 2777; x_wconf 77' lang='lat' dir='ltr'>Tullo,</span> 
     </span>
    </p>
   </div>
   <div class='ocr_carea' id='block_1_8' title="bbox 437 2856 2217 3183">
    <p class='ocr_par' dir='ltr' id='par_1_12' title="bbox 953 2856 2064 2936">
     <span class='ocr_line' id='line_1_23' title="bbox 953 2856 2064 2936; baseline 0.002 -20"><span class='ocrx_word' id='word_1_94' title='bbox 953 2876 1142 2933; x_wconf 88' lang='lat' dir='ltr'>sume,</span> <span class='ocrx_word' id='word_1_95' title='bbox 1191 2857 1539 2932; x_wconf 86' lang='lat' dir='ltr'>Maecenas,</span> <span class='ocrx_word' id='word_1_96' title='bbox 1587 2856 1843 2936; x_wconf 82' lang='lat' dir='ltr'>cyathos</span> <span class='ocrx_word' id='word_1_97' title='bbox 1891 2857 2064 2918; x_wconf 88' lang='lat' dir='ltr'>amici</span> 
     </span>
    </p>

    <p class='ocr_par' dir='ltr' id='par_1_13' title="bbox 951 2945 2197 3026">
     <span class='ocr_line' id='line_1_24' title="bbox 951 2945 2197 3026; baseline 0 -21"><span class='ocrx_word' id='word_1_98' title='bbox 951 2945 1196 3026; x_wconf 88' lang='lat' dir='ltr'>sospitis</span> <span class='ocrx_word' id='word_1_99' title='bbox 1244 2949 1491 3006; x_wconf 88' lang='lat' dir='ltr'>centum</span> <span class='ocrx_word' id='word_1_100' title='bbox 1539 2951 1603 3005; x_wconf 92' lang='lat' dir='ltr'>et</span> <span class='ocrx_word' id='word_1_101' title='bbox 1648 2945 1869 3023; x_wconf 89' lang='lat' dir='ltr'>vigiles</span> <span class='ocrx_word' id='word_1_102' title='bbox 1916 2947 2197 3006; x_wconf 88' lang='lat' dir='ltr'>lucernas</span> 
     </span>
    </p>

    <p class='ocr_par' dir='ltr' id='par_1_14' title="bbox 437 3033 2217 3183">
     <span class='ocr_line' id='line_1_25' title="bbox 949 3033 2217 3114; baseline 0.002 -21"><span class='ocrx_word' id='word_1_103' title='bbox 949 3035 1153 3114; x_wconf 83' lang='lat' dir='ltr'>perfer</span> <span class='ocrx_word' id='word_1_104' title='bbox 1199 3033 1262 3093; x_wconf 89' lang='lat' dir='ltr'>in</span> <span class='ocrx_word' id='word_1_105' title='bbox 1309 3033 1538 3109; x_wconf 86' lang='lat' dir='ltr'>lucem3</span> <span class='ocrx_word' id='word_1_106' title='bbox 1585 3034 1795 3113; x_wconf 86' lang='lat' dir='ltr'>procul</span> <span class='ocrx_word' id='word_1_107' title='bbox 1844 3034 2035 3094; x_wconf 88' lang='lat' dir='ltr'>omnis</span> <span class='ocrx_word' id='word_1_108' title='bbox 2082 3040 2217 3095; x_wconf 87' lang='lat' dir='ltr'>esto</span> 
     </span>
     <span class='ocr_line' id='line_1_26' title="bbox 437 3115 1616 3183; baseline 0.003 -4"><span class='ocrx_word' id='word_1_109' title='bbox 437 3135 489 3179; x_wconf 72' lang='grc' dir='ltr'>ειί</span> <span class='ocrx_word' id='word_1_110' title='bbox 856 3115 862 3123; x_wconf 82' lang='grc'><strong>’</strong></span> <span class='ocrx_word' id='word_1_111' title='bbox 1126 3122 1353 3183; x_wconf 86' lang='lat' dir='ltr'>clamor</span> <span class='ocrx_word' id='word_1_112' title='bbox 1399 3125 1464 3181; x_wconf 93' lang='lat' dir='ltr'>et</span> <span class='ocrx_word' id='word_1_113' title='bbox 1506 3122 1616 3182; x_wconf 87' lang='lat' dir='ltr'>ira.</span> 
     </span>
    </p>
   </div>
   <div class='ocr_carea' id='block_1_9' title="bbox 425 3262 2060 3602">
    <p class='ocr_par' dir='ltr' id='par_1_15' title="bbox 952 3262 2060 3342">
     <span class='ocr_line' id='line_1_27' title="bbox 952 3262 2060 3342; baseline 0 -20"><span class='ocrx_word' id='word_1_114' title='bbox 952 3265 1123 3323; x_wconf 84' lang='lat' dir='ltr'>mitte</span> <span class='ocrx_word' id='word_1_115' title='bbox 1171 3262 1371 3323; x_wconf 65' lang='lat' dir='ltr'>civilis</span> <span class='ocrx_word' id='word_1_116' title='bbox 1420 3281 1608 3342; x_wconf 86' lang='lat' dir='ltr'>super</span> <span class='ocrx_word' id='word_1_117' title='bbox 1654 3263 1803 3322; x_wconf 87' lang='lat' dir='ltr'>urbe</span> <span class='ocrx_word' id='word_1_118' title='bbox 1851 3281 2060 3323; x_wconf 88' lang='lat' dir='ltr'>curas:</span> 
     </span>
    </p>

    <p class='ocr_par' dir='ltr' id='par_1_16' title="bbox 950 3348 2005 3429">
     <span class='ocr_line' id='line_1_28' title="bbox 950 3348 2005 3429; baseline -0.002 -18"><span class='ocrx_word' id='word_1_119' title='bbox 950 3351 1172 3412; x_wconf 90' lang='lat' dir='ltr'>occidit</span> <span class='ocrx_word' id='word_1_120' title='bbox 1215 3350 1366 3411; x_wconf 90' lang='lat' dir='ltr'>Daci</span> <span class='ocrx_word' id='word_1_121' title='bbox 1415 3348 1719 3412; x_wconf 79' lang='lat' dir='ltr'>Cotisonis</span> <span class='ocrx_word' id='word_1_122' title='bbox 1768 3369 2005 3429; x_wconf 85' lang='lat' dir='ltr'>agmen,</span> 
     </span>
    </p>

    <p class='ocr_par' dir='ltr' id='par_1_17' title="bbox 425 3438 1980 3602">
     <span class='ocr_line' id='line_1_29' title="bbox 951 3438 1980 3500; baseline -0.002 0"><span class='ocrx_word' id='word_1_123' title='bbox 951 3440 1173 3500; x_wconf 84' lang='lat' dir='ltr'>Medus</span> <span class='ocrx_word' id='word_1_124' title='bbox 1218 3440 1478 3499; x_wconf 88' lang='lat' dir='ltr'>infestus</span> <span class='ocrx_word' id='word_1_125' title='bbox 1526 3438 1639 3498; x_wconf 85' lang='lat' dir='ltr'>sibi</span> <span class='ocrx_word' id='word_1_126' title='bbox 1689 3438 1980 3500; x_wconf 89' lang='lat' dir='ltr'>luctuosis</span> 
     </span>
     <span class='ocr_line' id='line_1_30' title="bbox 425 3527 1637 3602; baseline -0.001 -15"><span class='ocrx_word' id='word_1_127' title='bbox 425 3543 489 3587; x_wconf 63' lang='lat' dir='ltr'>flu</span> <span class='ocrx_word' id='word_1_128' title='bbox 1092 3558 1096 3562; x_wconf 95' lang='lat'><em>·</em></span> <span class='ocrx_word' id='word_1_129' title='bbox 1129 3527 1388 3588; x_wconf 78' lang='lat' dir='ltr'>dissidet</span> <span class='ocrx_word' id='word_1_130' title='bbox 1434 3527 1637 3602; x_wconf 78' lang='lat' dir='ltr'>armiS,</span> 
     </span>
    </p>
   </div>
   <div class='ocr_carea' id='block_1_10' title="bbox 425 3667 2180 4011">
    <p class='ocr_par' dir='ltr' id='par_1_18' title="bbox 949 3667 2154 3749">
     <span class='ocr_line' id='line_1_31' title="bbox 949 3667 2154 3749; baseline 0 -21"><span class='ocrx_word' id='word_1_131' title='bbox 949 3668 1141 3728; x_wconf 84' lang='lat' dir='ltr'>servit</span> <span class='ocrx_word' id='word_1_132' title='bbox 1187 3668 1501 3749; x_wconf 87' lang='lat' dir='ltr'>Hispanae</span> <span class='ocrx_word' id='word_1_133' title='bbox 1550 3673 1727 3729; x_wconf 89' lang='lat' dir='ltr'>vetus</span> <span class='ocrx_word' id='word_1_134' title='bbox 1774 3667 1965 3728; x_wconf 89' lang='lat' dir='ltr'>hostis</span> <span class='ocrx_word' id='word_1_135' title='bbox 2013 3686 2154 3728; x_wconf 90' lang='lat' dir='ltr'>orae</span> 
     </span>
    </p>

    <p class='ocr_par' dir='ltr' id='par_1_19' title="bbox 951 3755 2037 3832">
     <span class='ocr_line' id='line_1_32' title="bbox 951 3755 2037 3832; baseline -0.002 -14"><span class='ocrx_word' id='word_1_136' title='bbox 951 3756 1258 3818; x_wconf 85' lang='lat' dir='ltr'>Cantaber</span> <span class='ocrx_word' id='word_1_137' title='bbox 1305 3775 1445 3817; x_wconf 90' lang='lat' dir='ltr'>sera</span> <span class='ocrx_word' id='word_1_138' title='bbox 1493 3755 1754 3815; x_wconf 88' lang='lat' dir='ltr'>domitus</span> <span class='ocrx_word' id='word_1_139' title='bbox 1802 3763 2037 3832; x_wconf 87' lang='lat' dir='ltr'>catena,</span> 
     </span>
    </p>

    <p class='ocr_par' dir='ltr' id='par_1_20' title="bbox 425 3842 2180 4011">
     <span class='ocr_line' id='line_1_33' title="bbox 947 3842 2180 3925; baseline -0.001 -20"><span class='ocrx_word' id='word_1_140' title='bbox 947 3846 1067 3905; x_wconf 89' lang='lat' dir='ltr'>iam</span> <span class='ocrx_word' id='word_1_141' title='bbox 1115 3842 1384 3925; x_wconf 81' lang='lat' dir='ltr'>Scythae</span> <span class='ocrx_word' id='word_1_142' title='bbox 1431 3844 1575 3904; x_wconf 84' lang='lat' dir='ltr'>laxo</span> <span class='ocrx_word' id='word_1_143' title='bbox 1622 3844 1992 3904; x_wconf 81' lang='lat' dir='ltr'>meditantur</span> <span class='ocrx_word' id='word_1_144' title='bbox 2037 3862 2180 3904; x_wconf 87' lang='lat' dir='ltr'>arcu</span> 
     </span>
     <span class='ocr_line' id='line_1_34' title="bbox 425 3932 1639 4011; baseline 0 -20"><span class='ocrx_word' id='word_1_145' title='bbox 425 3947 489 3991; x_wconf 60' lang='lat'>24</span> <span class='ocrx_word' id='word_1_146' title='bbox 1126 3932 1348 3993; x_wconf 82' lang='lat' dir='ltr'>cedere</span> <span class='ocrx_word' id='word_1_147' title='bbox 1393 3932 1639 4011; x_wconf 81' lang='lat' dir='ltr'>campis,</span> 
     </span>
    </p>
   </div>
   <div class='ocr_carea' id='block_1_11' title="bbox 421 4074 2206 4419">
    <p class='ocr_par' dir='ltr' id='par_1_21' title="bbox 950 4074 2206 4154">
     <span class='ocr_line' id='line_1_35' title="bbox 950 4074 2206 4154; baseline 0 -21"><span class='ocrx_word' id='word_1_148' title='bbox 950 4074 1308 4153; x_wconf 81' lang='lat' dir='ltr'>neglegens,</span> <span class='ocrx_word' id='word_1_149' title='bbox 1353 4092 1430 4132; x_wconf 92' lang='lat' dir='ltr'>ne</span> <span class='ocrx_word' id='word_1_150' title='bbox 1478 4093 1597 4152; x_wconf 89' lang='lat' dir='ltr'>qua</span> <span class='ocrx_word' id='word_1_151' title='bbox 1642 4074 1903 4154; x_wconf 91' lang='lat' dir='ltr'>populus</span> <span class='ocrx_word' id='word_1_152' title='bbox 1950 4074 2206 4149; x_wconf 86' lang='lat' dir='ltr'>laboret,</span> 
     </span>
    </p>

    <p class='ocr_par' dir='ltr' id='par_1_22' title="bbox 948 4162 2045 4242">
     <span class='ocr_line' id='line_1_36' title="bbox 948 4162 2045 4242; baseline 0 -20"><span class='ocrx_word' id='word_1_153' title='bbox 948 4181 1131 4242; x_wconf 88' lang='lat' dir='ltr'>parce</span> <span class='ocrx_word' id='word_1_154' title='bbox 1176 4162 1455 4242; x_wconf 87' lang='lat' dir='ltr'>privatus</span> <span class='ocrx_word' id='word_1_155' title='bbox 1500 4162 1754 4222; x_wconf 91' lang='lat' dir='ltr'>nimium</span> <span class='ocrx_word' id='word_1_156' title='bbox 1800 4181 2045 4239; x_wconf 85' lang='lat' dir='ltr'>cavere3</span> 
     </span>
    </p>

    <p class='ocr_par' dir='ltr' id='par_1_23' title="bbox 421 4250 2199 4419">
     <span class='ocr_line' id='line_1_37' title="bbox 950 4250 2199 4331; baseline 0.002 -21"><span class='ocrx_word' id='word_1_157' title='bbox 950 4252 1108 4312; x_wconf 85' lang='lat' dir='ltr'>dona</span> <span class='ocrx_word' id='word_1_158' title='bbox 1151 4250 1496 4330; x_wconf 88' lang='lat' dir='ltr'>praesentis</span> <span class='ocrx_word' id='word_1_159' title='bbox 1546 4269 1693 4331; x_wconf 88' lang='lat' dir='ltr'>cape</span> <span class='ocrx_word' id='word_1_160' title='bbox 1741 4251 1941 4311; x_wconf 88' lang='lat' dir='ltr'>laetus</span> <span class='ocrx_word' id='word_1_161' title='bbox 1989 4252 2199 4326; x_wconf 84' lang='lat' dir='ltr'>horae,</span> 
     </span>
     <span class='ocr_line' id='line_1_38' title="bbox 421 4338 1615 4419; baseline -0.001 -21"><span class='ocrx_word' id='word_1_162' title='bbox 421 4347 489 4391; x_wconf 57' lang='grc' dir='ltr'>ΞΕ</span> <span class='ocrx_word' id='word_1_163' title='bbox 1125 4338 1332 4419; x_wconf 92' lang='lat' dir='ltr'>linque</span> <span class='ocrx_word' id='word_1_164' title='bbox 1379 4356 1615 4400; x_wconf 87' lang='lat' dir='ltr'>severa.</span> 
     </span>
    </p>
   </div>
  </div>
 </body>
</html>
