3059 4850
1248 282 1368 328 LIB.
1398 282 1482 328 lv,
1519 285 1774 321 xlv—xv.

982 437 1045 490 te
1091 449 1210 490 non
1257 429 1542 510 paventis
1588 429 1805 489 funera
1852 426 2092 490 Galliae

983 519 1297 597 duraeque
1346 517 1530 579 tellus
1578 517 1749 578 audit
1795 517 2106 590 Hiberiae,

1073 614 1135 667 te
1183 607 1374 668 caede
1418 607 1764 686 gaudentes
1812 604 2137 686 Sygambri

1161 695 1494 775 conpositis
1540 698 1915 754 venerantur
1962 693 2162 754 armis.

1480 926 1635 998 XV.

962 1063 1245 1124 Phoebus
1293 1063 1599 1125 volentem
1648 1063 1882 1144 proelia
1927 1083 2022 1123 me
2068 1062 2234 1142 loqui

963 1154 1162 1214 victas
1211 1161 1275 1212 et
1320 1154 1496 1212 urbis
1543 1151 1847 1233 increpuit
1894 1152 2049 1232 lyra,

1049 1261 1126 1300 ne
1173 1259 1369 1321 parva
1415 1239 1803 1320 Tyrrhenum
1849 1260 1962 1321 per
2007 1259 2233 1319 aequor

1137 1328 1281 1390 vela
1329 1328 1559 1389 darem.
1607 1335 1732 1403 tua,
1780 1326 2027 1402 Caesar,
2075 1334 2244 1389 aetas

963 1470 1175 1549 fruges
1223 1478 1285 1530 et
1331 1469 1498 1548 agris
1546 1468 1787 1529 rettulit
1833 1470 2051 1529 uberes

965 1569 1030 1618 et
1075 1557 1254 1637 signa
1299 1565 1508 1618 nostro
1555 1557 1825 1617 restituit
1867 1557 2005 1618 Iovi

1054 1647 1313 1726 derepta
1359 1645 1723 1706 Parthorum
1771 1645 2051 1726 superbis

1141 1736 1418 1822 postibus
1465 1741 1530 1794 et
1578 1752 1838 1794 vacuum
1888 1733 2109 1794 duellis

967 1875 1180 1935 Ianum
1230 1875 1471 1945 Quirini
1521 1875 1742 1936 clausit
1788 1881 1851 1935 et
1898 1875 2171 1935 ordinem

967 1970 1200 2024 rectum
1248 1965 1535 2042 evaganti
1585 1964 1757 2023 frena
1803 1963 2083 2023 licentiae

1053 2052 1263 2116 iniecit
1309 2053 1657 2131 emovitque
1701 2053 1914 2132 culpas

1139 2147 1206 2204 et
1254 2150 1501 2201 veteres
1550 2141 1867 2202 revocavit
1913 2144 2084 2214 arus,

959 2300 1072 2362 per
1117 2301 1268 2361 quas
1314 2269 1603 2354 Latinum‘,
1646 2288 1860 2367 nomen
1909 2284 1975 2340 et
2019 2279 2217 2341 Italae

961 2388 1218 2432 crevere
1264 2371 1431 2431 vires
1478 2371 1759 2450 famaque
1806 2378 1872 2431 et
1915 2369 2131 2450 imperi

1049 2470 1336 2540 porrecta
1378 2459 1667 2519 maiestas
1714 2460 1791 2520 ad
1840 2466 2008 2523 ortus

1136 2548 1282 2608 solis
1332 2549 1408 2607 ab
1457 2547 1760 2628 Hesperio
1808 2546 2009 2607 cubili.

962 2688 1216 2748 custode
1264 2707 1469 2748 rerum
1518 2685 1782 2749 Caesare
1828 2706 1948 2747 non
1994 2687 2162 2748 furor

960 2776 1160 2836 civilis
1208 2785 1315 2837 aut
1361 2776 1456 2836 vis
1503 2776 1719 2855 exiget
1762 2775 1968 2850 otium,

1049 2884 1169 2925 non
1215 2864 1327 2938 ira,
1361 2883 1531 2945 ¹quae
1577 2864 1862 2944 procudit
1906 2873 2076 2925 ensIs

1134 2958 1200 3012 et
1243 2953 1500 3013 miseras
1547 2952 1822 3014 inimicat
1865 2953 2056 3014 urbia.

956 3111 1094 3167 non,
1140 3094 1244 3172 qui
1293 3094 1661 3174 profundum
1708 3091 2055 3153 Danuvium
2101 3092 2329 3169 bibunt,

958 3181 1162 3243 edicta
1209 3188 1492 3263 rumpent
1537 3181 1713 3256 lulia,
1760 3200 1874 3241 non
1926 3179 2142 3256 Getae,

1045 3289 1163 3330 non
1212 3268 1396 3331 Seres
1440 3269 1690 3330 infidive
1737 3268 1986 3345 Persae,

1130 3377 1252 3418 non
1299 3358 1532 3419 Tanain
1579 3377 1769 3438 prope
1814 3357 2039 3418 flumen
2085 3359 2221 3418 orti.

957 3517 1190 3579 nosque
1239 3504 1302 3561 et
1346 3499 1632 3581 profestis
1678 3498 1916 3560 lucibus
1963 3502 2026 3559 et
2072 3500 2264 3559 sacris

958 3588 1118 3647 inter
1161 3588 1348 3649 iocosi
1396 3606 1648 3648 munera
1693 3587 1919 3660 Liberi,

1045 3695 1182 3737 cum
1228 3676 1398 3757 prole
1443 3677 1857 3755 matronisque
1903 3676 2129 3736 nostris

1071 3826 1075 3832 ,
1133 3765 1251 3827 rite
1300 3765 1446 3825 deos
1491 3765 1662 3845 prius
1709 3765 2041 3845 adprecati,

958 3906 1185 3967 virtute
1232 3906 1469 3966 functos
1518 3925 1681 3966 more
1728 3911 1969 3985 patrum
2019 3905 2207 3965 duces

954 3992 1147 4073 Lydis
1196 3994 1459 4055 remixto
1505 3993 1773 4054 carmine
1821 3993 1983 4053 tibiis

1044 4082 1408 4162 Troiamque
1455 4089 1518 4142 et
1565 4081 1874 4143 Anchisen
1920 4088 1983 4142 et
2029 4080 2223 4141 almae

1129 4172 1486 4252 progeniem
1532 4170 1796 4232 Veneris
1843 4188 2146 4230 canemus.
