3059 4850
543 218 627 279 40

437 670 505 714 ‘Ji-l

437 1074 505 1122 52

441 3923 501 3971 15

1335 251 1574 295 HORATI
1605 252 1944 297 CARMINUM

895 395 1117 457 limites
1165 396 1471 458 clientium

1070 486 1216 546 salis
1264 486 1514 546 avarus!
1562 486 1811 567 pellitur
1857 494 2143 568 paternos

894 573 958 631 in
1005 573 1141 634 sinu
1186 574 1391 634 ferens
1439 575 1586 635 deos

1069 666 1134 722 et
1177 681 1334 722 uxor
1379 669 1441 724 et
1486 663 1583 722 vir
1629 663 2028 743 sordidosque
2076 673 2265 727 natos.

891 802 1061 863 nulla
1105 803 1328 864 certior
1373 811 1576 865 tamen

1069 892 1305 972 rapacis
1353 891 1496 953 Orci
1543 893 1664 954 fine
1711 895 2019 955 destinata

892 979 1034 1040 aula
1080 980 1332 1042 divitem
1376 990 1582 1041 manet

1069 1087 1259 1128 erum.
1325 1070 1473 1148 quid
1521 1070 1683 1130 ultra
1728 1072 1977 1131 tendis?
2025 1091 2223 1151 aequa
2270 1073 2450 1132 tellus

891 1210 1147 1291 pauperi
1193 1211 1531 1270 recluditur

1069 1317 1406 1378 regumque
1452 1301 1681 1379 pueris,
1726 1319 1840 1361 nec
1885 1302 2138 1362 satelles
2186 1299 2328 1362 Orci

893 1385 1177 1446 callidum
1225 1385 1589 1448 Promethea

1068 1474 1313 1536 revexit
1359 1494 1506 1537 auro
1556 1482 1785 1556 captus,
1857 1477 1954 1536 hic
2002 1480 2330 1558 superbum

893 1615 1216 1678 Tantalum
1263 1624 1447 1696 atque
1495 1617 1737 1678 Tantali

1069 1724 1267 1784 genus
1314 1711 1574 1779 coercet,
1623 1706 1718 1766 hic
1765 1706 1973 1766 levare
2020 1707 2293 1767 functum

891 1812 1222 1874 pauperem
1271 1793 1580 1853 laboribus

1068 1886 1322 1942 vocatus
1369 1889 1554 1960 atque
1601 1901 1720 1942 non
1768 1891 2018 1943 vocatus
2066 1883 2251 1943 audit.

1552 2255 1741 2326 XIX.

1014 2427 1324 2489 Bacchum
1370 2428 1429 2488 in
1478 2429 1728 2489 remotis
1775 2430 2039 2489 carmina
2085 2429 2339 2509 rupibus

1016 2516 1143 2576 vidi
1192 2516 1526 2591 docentem,
1575 2518 1807 2578 credite
1854 2518 2101 2597 posteri,

1104 2604 1545 2685 Nymphasque
1594 2606 1890 2666 discentis
1938 2612 2001 2666 et
2046 2625 2225 2666 aures

1193 2693 1586 2772 capripedum
1636 2692 1997 2773 Satyrorum
2043 2702 2268 2754 acutas.

1015 2834 1230 2906 euhoe,
1276 2835 1506 2894 recenti
1556 2854 1727 2895 mens
1774 2835 2045 2915 trepidat
2090 2840 2256 2895 metu

1013 2922 1315 3003 plenoque
1364 2919 1589 2983 Bacchi
1634 2927 1882 3003 pectore
1928 2924 2239 2983 turbidum

1102 3011 1399 3084 laetatur3
1449 3011 1662 3084 euhoe,
1708 3030 1893 3090 parce
1939 3010 2140 3084 Liber,

1192 3117 1376 3178 parce
1423 3098 1601 3177 gravi
1648 3099 1977 3160 metuende
2026 3099 2271 3180 thyrso!

1014 3242 1105 3302 fas
1151 3241 1493 3321 pervicacis
1542 3246 1638 3301 est
1680 3242 1824 3301 mihi
1874 3241 2183 3321 Thyiadas

1014 3328 1260 3408 vinique
1306 3329 1551 3403 fontem,
1599 3330 1775 3390 lactis
1822 3342 1882 3389 et
1928 3333 2149 3390 uberes

1104 3423 1351 3477 cantare
1398 3418 1563 3479 rivos
1612 3425 1791 3497 atque
1839 3418 2067 3478 truncis

1196 3506 1367 3585 lapsa
1413 3506 1582 3567 cavis
1628 3507 1851 3566 iterare
1899 3506 2107 3580 mella;

1015 3648 1108 3707 fas
1155 3650 1219 3706 et
1263 3648 1478 3707 beatae
1526 3647 1799 3725 coniugis
1848 3647 2119 3707 additum

1017 3735 1215 3795 stellis
1263 3735 1572 3811 honorem,
1620 3740 1905 3814 tectaque
1950 3734 2209 3796 Penthei

1043 3846 1046 3850 ’
1106 3823 1363 3883 disiecta
1410 3843 1525 3883 non
1575 3823 1698 3883 leni
1747 3823 1937 3898 ruina,

1194 3910 1447 3971 Thracis
1495 3917 1559 3972 et
1604 3911 1861 3970 exitium
1907 3910 2197 3992 Lycurgi.

1016 4060 1084 4115 tu
1128 4053 1325 4115 flectis
1373 4071 1601 4127 amnes,
1650 4060 1716 4112 tu
1763 4071 1930 4112 mare
1980 4054 2320 4127 barbarum,

1016 4146 1084 4203 tu
1133 4141 1432 4222 separatis
1479 4142 1703 4201 uvidus
1749 4141 1811 4201 in
1859 4141 2023 4219 iugis

1106 4232 1262 4291 nodo
1310 4249 1555 4290 coerces
1602 4230 1879 4309 viperino

1193 4318 1577 4379 Bistonidum
1625 4321 1755 4377 sine
1801 4318 2017 4379 fraude
2063 4318 2279 4393 crinTs;
