3059 4850
364 1086 432 1130 *ju

368 2707 432 2755 :³213

367 3115 432 3159 ff*

1267 258 1508 301 HORATI
1538 257 1878 302 CARMINUM

793 405 946 466 votis
996 405 1414 484 ominibusque
1462 410 1525 466 et
1570 406 1854 485 precibus
1903 417 2095 480 vocat,

789 513 975 554 curvo
1022 513 1135 553 nec
1182 494 1396 555 faciem
1445 493 1624 554 litore
1674 494 1974 556 dimovet:

793 584 876 642 ffiic
925 582 1244 642 desideriis
1292 582 1412 642 icta
1457 581 1745 643 fidelibus

965 670 1202 749 quaerit
1246 671 1446 751 patria
1493 668 1838 733 Caesarem.

793 820 954 870 tutus
1000 812 1108 871 bos
1154 812 1380 872 etenim
1427 830 1575 871 rura
1622 812 2025 891 perambulat,

793 899 979 960 nutrit
1024 918 1170 960 rura
1219 898 1408 961 Ceres
1457 899 1739 979 almaque
1789 900 2119 973 Faustitas,

793 993 1073 1066 pacatum
1120 988 1380 1048 volitant
1430 1008 1537 1068 per
1584 1007 1751 1048 mare
1796 989 2061 1063 navitae,

963 1075 1195 1156 culpari
1243 1077 1458 1138 metuit
1503 1076 1677 1150 fides,

793 1216 970 1275 nullis
1017 1216 1308 1297 polluitur
1353 1221 1526 1278 casta
1573 1218 1785 1278 domus
1834 1217 2079 1298 stupris,

789 1324 916 1365 mos
963 1309 1026 1364 et
1073 1305 1177 1366 lex
1224 1307 1598 1367 maculosum
1646 1306 1913 1366 edomuit
1959 1307 2149 1379 nefas,

789 1394 1114 1454 laudantur
1161 1393 1339 1453 simili
1386 1395 1559 1475 prole
1606 1413 1967 1475 puerperae,

969 1480 1209 1561 culpam
1255 1501 1450 1562 poena
1497 1483 1719 1562 premit
1766 1501 1983 1543 comes.

789 1624 922 1702 quis
967 1622 1259 1683 Parthum
1307 1629 1551 1703 paveat,
1598 1623 1735 1703 quis
1782 1624 2055 1702 gelidum
2094 1623 2391 1702 Scythen,

789 1711 923 1790 quis
973 1708 1302 1772 Germania
1349 1730 1501 1790 quos
1552 1711 1798 1772 horrida
1843 1711 2107 1792 parturit

793 1802 970 1874 fetus,
1019 1798 1304 1859 incolumi
1353 1797 1659 1860 Caesare?
1708 1800 1843 1877 quis
1889 1800 2056 1860 ferae

963 1887 1190 1947 bellum
1239 1898 1414 1947 curet
1463 1886 1801 1947 Hiberiae?

789 2027 996 2087 condit
1042 2028 1298 2106 quisque
1348 2027 1506 2087 diem
1556 2026 1810 2087 collibus
1856 2026 1916 2086 in
1966 2025 2091 2086 suis

789 2130 851 2178 et
897 2116 1086 2175 vitem
1136 2116 1352 2176 viduas
1401 2116 1569 2175 ducit
1616 2116 1693 2175 ad
1741 2115 2020 2189 arbores3

793 2205 924 2263 'nine
971 2206 1050 2264 ad
1096 2205 1239 2264 vina
1285 2204 1445 2264 redit
1489 2204 1689 2263 laetus
1737 2208 1800 2263 et
1844 2202 2055 2263 alteris

964 2299 1024 2353 te
1070 2293 1296 2351 mensis
1345 2292 1596 2352 adhibet
1641 2292 1851 2366 deum3

789 2447 850 2495 tc
895 2434 1089 2495 multa
1133 2453 1334 2514 prece,
1383 2440 1444 2493 te
1489 2434 1881 2514 prosequitur
1928 2451 2095 2493 mero

793 2523 1002 2583 defuso
1050 2524 1296 2603 pateris,
1345 2532 1406 2582 et
1451 2522 1712 2582 Laribus
1760 2528 1933 2582 tuum

789 2612 1002 2671 miscet
1046 2631 1287 2684 numen,
1337 2611 1422 2670 uti
1473 2608 1737 2671 Graecia
1784 2608 2054 2671 Castoris

962 2704 1027 2759 et
1073 2700 1276 2778 magni
1323 2718 1551 2758 memor
1601 2698 1905 2759 Herculis.

789 2843 1038 2919 „longas
1087 2860 1118 2900 o
1166 2841 1419 2913 utinam,
1470 2842 1598 2899 dux
1648 2840 1821 2913 bone,
1868 2839 2051 2898 ferias

789 2934 1064 3007 praestes
1110 2927 1517 3008 Hesperi‚ae!“
1567 2928 1821 2987 dicimus
1866 2926 2107 3005 integro

789 3017 932 3075 aicci
979 3036 1154 3077 mane
1203 3017 1319 3091 die,
1370 3016 1625 3076 dicimus
1671 3014 1860 3088 uvidi,

965 3124 1100 3165 cum
1149 3105 1234 3163 sol
1287 3103 1528 3165 Oceano
1578 3104 1805 3164 subest.

1523 3476 1646 3545 Vl.

935 3648 1113 3722 Dive,
1160 3667 1337 3727 quem
1385 3648 1587 3727 proles
1634 3646 1871 3708 Niobea
1914 3666 2171 3726 magnae

937 3737 1238 3796 vindicem
1287 3736 1536 3813 linguae
1586 3735 1921 3815 Tityosque
1969 3743 2171 3817 raptor

937 3825 1128 3884 sensit
1173 3831 1237 3883 et
1283 3823 1499 3883 Troiae
1547 3844 1734 3904 prope
1780 3826 1976 3885 victor
2021 3826 2182 3885 altae

1112 3911 1368 3972 Phthius
1418 3911 1710 3986 Achilles,
2170 3913 2172 3915 ’

937 4053 1160 4113 ceteris
1207 4052 1414 4127 maior,
1462 4052 1569 4111 tibi
1616 4052 1792 4112 miles
1840 4054 2028 4131 inpar,

937 4140 1097 4201 filius
1145 4141 1422 4220 quamvis
1471 4140 1747 4201 Thetidis
1794 4141 2062 4200 marinae

937 4229 1258 4290 Dardanas
1305 4235 1496 4289 turris
1545 4232 1828 4307 quateret
1872 4228 2192 4287 tremenda

1112 4316 1364 4397 cuspide
1408 4336 1682 4397 pugnax,
