<?xml version="1.0" encoding="UTF-8"?>
<!DOCTYPE html PUBLIC "-//W3C//DTD XHTML 1.0 Transitional//EN"
    "http://www.w3.org/TR/xhtml1/DTD/xhtml1-transitional.dtd">
<html xmlns="http://www.w3.org/1999/xhtml" xml:lang="en" lang="en">
 <head>
  <title>
</title>
<meta http-equiv="Content-Type" content="text/html;charset=utf-8" />
  <meta name='ocr-system' content='tesseract 3.04.00' />
  <meta name='ocr-capabilities' content='ocr_page ocr_carea ocr_par ocr_line ocrx_word'/>
</head>
<body>
  <div class='ocr_page' id='page_1' title='image "./odenundepoden01horagoog_0033.png"; bbox 0 0 3059 4850; ppageno 0'>
   <div class='ocr_carea' id='block_1_1' title="bbox 1079 261 1794 313">
    <p class='ocr_par' dir='ltr' id='par_1_1' title="bbox 1079 261 1794 313">
     <span class='ocr_line' id='line_1_1' title="bbox 1079 261 1794 313; baseline -0.007 -7"><span class='ocrx_word' id='word_1_1' title='bbox 1079 262 1200 308; x_wconf 87' lang='lat' dir='ltr'>LlB.</span> <span class='ocrx_word' id='word_1_2' title='bbox 1231 261 1269 308; x_wconf 87' lang='lat'>1.</span> <span class='ocrx_word' id='word_1_3' title='bbox 1297 265 1711 302; x_wconf 75' lang='lat' dir='ltr'>xxvm-xxxu,</span> <span class='ocrx_word' id='word_1_4' title='bbox 1785 305 1794 313; x_wconf 63' lang='grc'>,</span> 
     </span>
    </p>
   </div>
   <div class='ocr_carea' id='block_1_2' title="bbox 1266 413 1525 484">
    <p class='ocr_par' dir='ltr' id='par_1_2' title="bbox 1266 413 1525 484">
     <span class='ocr_line' id='line_1_2' title="bbox 1266 413 1525 484; baseline 0 0"><span class='ocrx_word' id='word_1_5' title='bbox 1266 413 1525 484; x_wconf 89' lang='grc' dir='ltr'>ΧΧΧΙ.</span> 
     </span>
    </p>
   </div>
   <div class='ocr_carea' id='block_1_3' title="bbox 713 549 1974 894">
    <p class='ocr_par' dir='ltr' id='par_1_3' title="bbox 713 549 1974 894">
     <span class='ocr_line' id='line_1_3' title="bbox 713 549 1906 632; baseline 0 -20"><span class='ocrx_word' id='word_1_6' title='bbox 713 552 877 622; x_wconf 83' lang='lat' dir='ltr'><strong>Quid</strong></span> <span class='ocrx_word' id='word_1_7' title='bbox 924 551 1271 612; x_wconf 89' lang='lat' dir='ltr'>dedicatum</span> <span class='ocrx_word' id='word_1_8' title='bbox 1315 549 1513 632; x_wconf 89' lang='lat' dir='ltr'>poscit</span> <span class='ocrx_word' id='word_1_9' title='bbox 1561 549 1906 631; x_wconf 83' lang='lat' dir='ltr'>Apollinem</span> 
     </span>
     <span class='ocr_line' id='line_1_4' title="bbox 714 637 1974 720; baseline 0 -20"><span class='ocrx_word' id='word_1_10' title='bbox 714 637 941 702; x_wconf 82' lang='lat' dir='ltr'>vates?</span> <span class='ocrx_word' id='word_1_11' title='bbox 989 638 1136 720; x_wconf 89' lang='lat' dir='ltr'>quid</span> <span class='ocrx_word' id='word_1_12' title='bbox 1183 645 1317 700; x_wconf 87' lang='lat' dir='ltr'>orat</span> <span class='ocrx_word' id='word_1_13' title='bbox 1363 640 1439 698; x_wconf 88' lang='lat' dir='ltr'>de</span> <span class='ocrx_word' id='word_1_14' title='bbox 1485 641 1702 719; x_wconf 87' lang='lat' dir='ltr'>patera</span> <span class='ocrx_word' id='word_1_15' title='bbox 1744 659 1974 700; x_wconf 86' lang='lat' dir='ltr'>novum</span> 
     </span>
     <span class='ocr_line' id='line_1_5' title="bbox 807 727 1910 808; baseline -0.001 -19"><span class='ocrx_word' id='word_1_16' title='bbox 807 729 1071 789; x_wconf 85' lang='lat' dir='ltr'>fundens</span> <span class='ocrx_word' id='word_1_17' title='bbox 1116 727 1459 807; x_wconf 75' lang='lat' dir='ltr'>liquorem?</span> <span class='ocrx_word' id='word_1_18' title='bbox 1505 746 1625 787; x_wconf 90' lang='lat' dir='ltr'>non</span> <span class='ocrx_word' id='word_1_19' title='bbox 1672 727 1910 808; x_wconf 81' lang='lat' dir='ltr'>opimae</span> 
     </span>
     <span class='ocr_line' id='line_1_6' title="bbox 896 816 1799 894; baseline -0.003 -16"><span class='ocrx_word' id='word_1_20' title='bbox 896 816 1215 878; x_wconf 85' lang='lat' dir='ltr'>Sardiniae</span> <span class='ocrx_word' id='word_1_21' title='bbox 1262 821 1508 894; x_wconf 80' lang='lat' dir='ltr'>segetes</span> <span class='ocrx_word' id='word_1_22' title='bbox 1558 816 1799 891; x_wconf 61' lang='lat' dir='ltr'>femen,</span> 
     </span>
    </p>
   </div>
   <div class='ocr_carea' id='block_1_4' title="bbox 712 955 2130 1303">
    <p class='ocr_par' dir='ltr' id='par_1_4' title="bbox 712 955 2130 1303">
     <span class='ocr_line' id='line_1_7' title="bbox 714 955 1793 1036; baseline 0.001 -18"><span class='ocrx_word' id='word_1_23' title='bbox 714 978 833 1018; x_wconf 90' lang='lat' dir='ltr'>non</span> <span class='ocrx_word' id='word_1_24' title='bbox 881 970 1203 1019; x_wconf 74' lang='lat' dir='ltr'>aestuosae</span> <span class='ocrx_word' id='word_1_25' title='bbox 1247 962 1426 1036; x_wconf 88' lang='lat' dir='ltr'>grata</span> <span class='ocrx_word' id='word_1_26' title='bbox 1473 955 1793 1019; x_wconf 78' lang='lat' dir='ltr'>Calabriae</span> 
     </span>
     <span class='ocr_line' id='line_1_8' title="bbox 712 1045 2130 1122; baseline -0.001 -14"><span class='ocrx_word' id='word_1_27' title='bbox 712 1053 1007 1121; x_wconf 88' lang='lat' dir='ltr'>armenta,</span> <span class='ocrx_word' id='word_1_28' title='bbox 1053 1065 1174 1106; x_wconf 91' lang='lat' dir='ltr'>non</span> <span class='ocrx_word' id='word_1_29' title='bbox 1221 1064 1435 1106; x_wconf 89' lang='lat' dir='ltr'>aurum</span> <span class='ocrx_word' id='word_1_30' title='bbox 1481 1051 1589 1107; x_wconf 88' lang='lat' dir='ltr'>aut</span> <span class='ocrx_word' id='word_1_31' title='bbox 1634 1047 1787 1106; x_wconf 89' lang='lat' dir='ltr'>ebur</span> <span class='ocrx_word' id='word_1_32' title='bbox 1830 1045 2130 1122; x_wconf 89' lang='lat' dir='ltr'>Indicum,</span> 
     </span>
     <span class='ocr_line' id='line_1_9' title="bbox 800 1133 1795 1214; baseline 0 -19"><span class='ocrx_word' id='word_1_33' title='bbox 800 1155 919 1196; x_wconf 90' lang='lat' dir='ltr'>non</span> <span class='ocrx_word' id='word_1_34' title='bbox 967 1154 1129 1211; x_wconf 89' lang='lat' dir='ltr'>rura,</span> <span class='ocrx_word' id='word_1_35' title='bbox 1176 1152 1336 1214; x_wconf 90' lang='lat' dir='ltr'>quae</span> <span class='ocrx_word' id='word_1_36' title='bbox 1382 1133 1543 1194; x_wconf 89' lang='lat' dir='ltr'>Liris</span> <span class='ocrx_word' id='word_1_37' title='bbox 1589 1135 1795 1213; x_wconf 90' lang='lat' dir='ltr'>quieta</span> 
     </span>
     <span class='ocr_line' id='line_1_10' title="bbox 887 1222 1982 1303; baseline -0.001 -20"><span class='ocrx_word' id='word_1_38' title='bbox 887 1225 1129 1283; x_wconf 90' lang='lat' dir='ltr'>mordet</span> <span class='ocrx_word' id='word_1_39' title='bbox 1175 1241 1336 1303; x_wconf 87' lang='lat' dir='ltr'>aqua</span> <span class='ocrx_word' id='word_1_40' title='bbox 1381 1224 1723 1284; x_wconf 80' lang='lat' dir='ltr'>taciturnus</span> <span class='ocrx_word' id='word_1_41' title='bbox 1768 1222 1982 1283; x_wconf 88' lang='lat' dir='ltr'>amnis.</span> 
     </span>
    </p>
   </div>
   <div class='ocr_carea' id='block_1_5' title="bbox 714 1363 1980 1711">
    <p class='ocr_par' dir='ltr' id='par_1_5' title="bbox 714 1363 1980 1711">
     <span class='ocr_line' id='line_1_11' title="bbox 714 1363 1980 1446; baseline 0.001 -22"><span class='ocrx_word' id='word_1_42' title='bbox 714 1369 996 1446; x_wconf 87' lang='lat' dir='ltr'>premant</span> <span class='ocrx_word' id='word_1_43' title='bbox 1044 1363 1273 1426; x_wconf 84' lang='lat' dir='ltr'>Calena</span> <span class='ocrx_word' id='word_1_44' title='bbox 1318 1364 1493 1441; x_wconf 81' lang='lat' dir='ltr'>falce,</span> <span class='ocrx_word' id='word_1_45' title='bbox 1541 1364 1762 1444; x_wconf 89' lang='lat' dir='ltr'>quibus</span> <span class='ocrx_word' id='word_1_46' title='bbox 1809 1365 1980 1425; x_wconf 85' lang='lat' dir='ltr'>dedit</span> 
     </span>
     <span class='ocr_line' id='line_1_12' title="bbox 715 1452 1833 1527; baseline -0.001 -13"><span class='ocrx_word' id='word_1_47' title='bbox 715 1452 994 1514; x_wconf 86' lang='lat' dir='ltr'>Fortuna</span> <span class='ocrx_word' id='word_1_48' title='bbox 1041 1453 1246 1527; x_wconf 84' lang='lat' dir='ltr'>vitem,</span> <span class='ocrx_word' id='word_1_49' title='bbox 1297 1453 1472 1513; x_wconf 87' lang='lat' dir='ltr'>dives</span> <span class='ocrx_word' id='word_1_50' title='bbox 1520 1459 1585 1514; x_wconf 87' lang='lat' dir='ltr'>et</span> <span class='ocrx_word' id='word_1_51' title='bbox 1631 1453 1833 1513; x_wconf 87' lang='lat' dir='ltr'>aureis</span> 
     </span>
     <span class='ocr_line' id='line_1_13' title="bbox 806 1540 1720 1602; baseline -0.002 0"><span class='ocrx_word' id='word_1_52' title='bbox 806 1546 1111 1602; x_wconf 84' lang='lat' dir='ltr'>mercator</span> <span class='ocrx_word' id='word_1_53' title='bbox 1157 1540 1431 1602; x_wconf 82' lang='lat' dir='ltr'>exsiccet</span> <span class='ocrx_word' id='word_1_54' title='bbox 1474 1540 1720 1601; x_wconf 89' lang='lat' dir='ltr'>culullis</span> 
     </span>
     <span class='ocr_line' id='line_1_14' title="bbox 893 1627 1843 1711; baseline 0.002 -22"><span class='ocrx_word' id='word_1_55' title='bbox 893 1629 1040 1690; x_wconf 84' lang='lat' dir='ltr'>vina</span> <span class='ocrx_word' id='word_1_56' title='bbox 1085 1627 1246 1711; x_wconf 83' lang='lat' dir='ltr'>Syra</span> <span class='ocrx_word' id='word_1_57' title='bbox 1291 1634 1579 1710; x_wconf 89' lang='lat' dir='ltr'>reparata</span> <span class='ocrx_word' id='word_1_58' title='bbox 1621 1648 1843 1704; x_wconf 86' lang='lat' dir='ltr'>meroe,</span> 
     </span>
    </p>
   </div>
   <div class='ocr_carea' id='block_1_6' title="bbox 713 1769 2046 2116">
    <p class='ocr_par' dir='ltr' id='par_1_6' title="bbox 713 1769 2046 2116">
     <span class='ocr_line' id='line_1_15' title="bbox 715 1769 2046 1852; baseline -0.001 -21"><span class='ocrx_word' id='word_1_59' title='bbox 715 1769 810 1831; x_wconf 89' lang='lat' dir='ltr'>dis</span> <span class='ocrx_word' id='word_1_60' title='bbox 856 1789 1035 1831; x_wconf 86' lang='lat' dir='ltr'>carus</span> <span class='ocrx_word' id='word_1_61' title='bbox 1081 1770 1251 1852; x_wconf 89' lang='lat' dir='ltr'>ipsis,</span> <span class='ocrx_word' id='word_1_62' title='bbox 1298 1772 1526 1852; x_wconf 90' lang='lat' dir='ltr'>quippe</span> <span class='ocrx_word' id='word_1_63' title='bbox 1572 1777 1670 1831; x_wconf 91' lang='lat' dir='ltr'>ter</span> <span class='ocrx_word' id='word_1_64' title='bbox 1716 1776 1779 1831; x_wconf 90' lang='lat' dir='ltr'>et</span> <span class='ocrx_word' id='word_1_65' title='bbox 1826 1781 2046 1851; x_wconf 89' lang='lat' dir='ltr'>quater</span> 
     </span>
     <span class='ocr_line' id='line_1_16' title="bbox 713 1860 1903 1939; baseline 0.003 -21"><span class='ocrx_word' id='word_1_66' title='bbox 713 1877 871 1919; x_wconf 91' lang='lat' dir='ltr'>anno</span> <span class='ocrx_word' id='word_1_67' title='bbox 919 1860 1202 1921; x_wconf 85' lang='lat' dir='ltr'>revisens</span> <span class='ocrx_word' id='word_1_68' title='bbox 1249 1878 1480 1939; x_wconf 89' lang='lat' dir='ltr'>aequor</span> <span class='ocrx_word' id='word_1_69' title='bbox 1526 1860 1903 1921; x_wconf 89' lang='lat' dir='ltr'>Atlanticum</span> 
     </span>
     <span class='ocr_line' id='line_1_17' title="bbox 798 1948 1759 2029; baseline 0.002 -23"><span class='ocrx_word' id='word_1_70' title='bbox 798 1948 1044 2029; x_wconf 92' lang='lat' dir='ltr'>inpune.</span> <span class='ocrx_word' id='word_1_71' title='bbox 1090 1967 1189 2008; x_wconf 90' lang='lat' dir='ltr'>me</span> <span class='ocrx_word' id='word_1_72' title='bbox 1235 1957 1495 2028; x_wconf 87' lang='lat' dir='ltr'>pascunt</span> <span class='ocrx_word' id='word_1_73' title='bbox 1541 1948 1759 2022; x_wconf 85' lang='lat' dir='ltr'>olivae,</span> 
     </span>
     <span class='ocr_line' id='line_1_18' title="bbox 889 2036 1954 2116; baseline 0 -20"><span class='ocrx_word' id='word_1_74' title='bbox 889 2055 984 2096; x_wconf 92' lang='lat' dir='ltr'>me</span> <span class='ocrx_word' id='word_1_75' title='bbox 1031 2036 1312 2096; x_wconf 87' lang='lat' dir='ltr'>cichorea</span> <span class='ocrx_word' id='word_1_76' title='bbox 1356 2037 1651 2116; x_wconf 86' lang='lat' dir='ltr'>levesque</span> <span class='ocrx_word' id='word_1_77' title='bbox 1700 2036 1954 2097; x_wconf 82' lang='lat' dir='ltr'>malvae.</span> 
     </span>
    </p>
   </div>
   <div class='ocr_carea' id='block_1_7' title="bbox 712 2176 2014 2523">
    <p class='ocr_par' dir='ltr' id='par_1_7' title="bbox 712 2176 2014 2523">
     <span class='ocr_line' id='line_1_19' title="bbox 712 2176 1683 2258; baseline 0.003 -23"><span class='ocrx_word' id='word_1_78' title='bbox 712 2176 834 2236; x_wconf 82' lang='lat' dir='ltr'>frui</span> <span class='ocrx_word' id='word_1_79' title='bbox 879 2177 1112 2258; x_wconf 88' lang='lat' dir='ltr'>paratis</span> <span class='ocrx_word' id='word_1_80' title='bbox 1158 2186 1223 2238; x_wconf 90' lang='lat' dir='ltr'>et</span> <span class='ocrx_word' id='word_1_81' title='bbox 1267 2177 1472 2238; x_wconf 84' lang='lat' dir='ltr'>valido</span> <span class='ocrx_word' id='word_1_82' title='bbox 1518 2179 1683 2254; x_wconf 89' lang='lat' dir='ltr'>mihi,</span> 
     </span>
     <span class='ocr_line' id='line_1_20' title="bbox 712 2263 1876 2347; baseline 0.001 -22"><span class='ocrx_word' id='word_1_83' title='bbox 712 2263 925 2343; x_wconf 88' lang='lat' dir='ltr'>Latoe,</span> <span class='ocrx_word' id='word_1_84' title='bbox 976 2266 1168 2326; x_wconf 89' lang='lat' dir='ltr'>dones</span> <span class='ocrx_word' id='word_1_85' title='bbox 1215 2285 1304 2342; x_wconf 86' lang='lat' dir='ltr'>ao,</span> <span class='ocrx_word' id='word_1_86' title='bbox 1350 2286 1587 2347; x_wconf 87' lang='lat' dir='ltr'>precor,</span> <span class='ocrx_word' id='word_1_87' title='bbox 1634 2267 1876 2346; x_wconf 86' lang='lat' dir='ltr'>integra</span> 
     </span>
     <span class='ocr_line' id='line_1_21' title="bbox 805 2358 2014 2436; baseline -0.001 -21"><span class='ocrx_word' id='word_1_88' title='bbox 805 2373 936 2415; x_wconf 90' lang='lat' dir='ltr'>cum</span> <span class='ocrx_word' id='word_1_89' title='bbox 986 2359 1211 2432; x_wconf 89' lang='lat' dir='ltr'>mente,</span> <span class='ocrx_word' id='word_1_90' title='bbox 1259 2374 1373 2414; x_wconf 89' lang='lat' dir='ltr'>nec</span> <span class='ocrx_word' id='word_1_91' title='bbox 1419 2362 1661 2436; x_wconf 89' lang='lat' dir='ltr'>turpem</span> <span class='ocrx_word' id='word_1_92' title='bbox 1708 2358 2014 2415; x_wconf 89' lang='lat' dir='ltr'>senectam</span> 
     </span>
     <span class='ocr_line' id='line_1_22' title="bbox 891 2444 1930 2523; baseline 0 -19"><span class='ocrx_word' id='word_1_93' title='bbox 891 2444 1122 2523; x_wconf 83' lang='lat' dir='ltr'>degere</span> <span class='ocrx_word' id='word_1_94' title='bbox 1167 2463 1281 2504; x_wconf 90' lang='lat' dir='ltr'>nec</span> <span class='ocrx_word' id='word_1_95' title='bbox 1327 2444 1562 2505; x_wconf 88' lang='lat' dir='ltr'>cithara</span> <span class='ocrx_word' id='word_1_96' title='bbox 1606 2450 1930 2506; x_wconf 87' lang='lat' dir='ltr'>carentem.</span> 
     </span>
    </p>
   </div>
   <div class='ocr_carea' id='block_1_8' title="bbox 1245 2712 1540 2782">
    <p class='ocr_par' dir='ltr' id='par_1_8' title="bbox 1245 2712 1540 2782">
     <span class='ocr_line' id='line_1_23' title="bbox 1245 2712 1540 2782; baseline 0 0"><span class='ocrx_word' id='word_1_97' title='bbox 1245 2712 1540 2782; x_wconf 92' lang='lat' dir='ltr'><strong>XXXII.</strong></span> 
     </span>
    </p>
   </div>
   <div class='ocr_carea' id='block_1_9' title="bbox 716 2847 2148 3188">
    <p class='ocr_par' dir='ltr' id='par_1_9' title="bbox 716 2847 1995 2927">
     <span class='ocr_line' id='line_1_24' title="bbox 716 2847 1995 2927; baseline 0.001 -19"><span class='ocrx_word' id='word_1_98' title='bbox 716 2847 1050 2909; x_wconf 90' lang='lat' dir='ltr'>Poscimur.</span> <span class='ocrx_word' id='word_1_99' title='bbox 1099 2847 1151 2908; x_wconf 92' lang='lat' dir='ltr'>si</span> <span class='ocrx_word' id='word_1_100' title='bbox 1200 2848 1347 2927; x_wconf 89' lang='lat' dir='ltr'>quid</span> <span class='ocrx_word' id='word_1_101' title='bbox 1392 2847 1570 2909; x_wconf 83' lang='lat' dir='ltr'>vacui</span> <span class='ocrx_word' id='word_1_102' title='bbox 1617 2849 1732 2909; x_wconf 89' lang='lat' dir='ltr'>sub</span> <span class='ocrx_word' id='word_1_103' title='bbox 1776 2849 1995 2909; x_wconf 90' lang='lat' dir='ltr'>umbra</span> 
     </span>
    </p>

    <p class='ocr_par' dir='ltr' id='par_1_10' title="bbox 718 2936 2148 3016">
     <span class='ocr_line' id='line_1_25' title="bbox 718 2936 2148 3016; baseline -0.001 -19"><span class='ocrx_word' id='word_1_104' title='bbox 718 2936 975 2997; x_wconf 90' lang='lat' dir='ltr'>lusimus</span> <span class='ocrx_word' id='word_1_105' title='bbox 1019 2943 1242 3012; x_wconf 89' lang='lat' dir='ltr'>tecum,</span> <span class='ocrx_word' id='word_1_106' title='bbox 1289 2937 1452 3016; x_wconf 88' lang='lat' dir='ltr'>quod</span> <span class='ocrx_word' id='word_1_107' title='bbox 1500 2943 1564 2997; x_wconf 90' lang='lat' dir='ltr'>et</span> <span class='ocrx_word' id='word_1_108' title='bbox 1607 2937 1770 2996; x_wconf 92' lang='lat' dir='ltr'>hunc</span> <span class='ocrx_word' id='word_1_109' title='bbox 1816 2937 1877 2996; x_wconf 90' lang='lat' dir='ltr'>in</span> <span class='ocrx_word' id='word_1_110' title='bbox 1924 2955 2148 2997; x_wconf 86' lang='lat' dir='ltr'>annum</span> 
     </span>
    </p>

    <p class='ocr_par' dir='ltr' id='par_1_11' title="bbox 717 3024 1916 3188">
     <span class='ocr_line' id='line_1_26' title="bbox 717 3024 1916 3105; baseline 0 -20"><span class='ocrx_word' id='word_1_111' title='bbox 717 3024 889 3085; x_wconf 82' lang='lat' dir='ltr'>vivat</span> <span class='ocrx_word' id='word_1_112' title='bbox 935 3031 1000 3085; x_wconf 90' lang='lat' dir='ltr'>et</span> <span class='ocrx_word' id='word_1_113' title='bbox 1043 3025 1259 3105; x_wconf 82' lang='lat' dir='ltr'>plur1s‚</span> <span class='ocrx_word' id='word_1_114' title='bbox 1305 3044 1422 3105; x_wconf 84' lang='lat' dir='ltr'>age</span> <span class='ocrx_word' id='word_1_115' title='bbox 1469 3025 1568 3085; x_wconf 86' lang='lat' dir='ltr'>dic</span> <span class='ocrx_word' id='word_1_116' title='bbox 1612 3024 1916 3101; x_wconf 88' lang='lat' dir='ltr'>Latinum,</span> 
     </span>
     <span class='ocr_line' id='line_1_27' title="bbox 891 3114 1460 3188; baseline -0.002 -15"><span class='ocrx_word' id='word_1_117' title='bbox 891 3114 1148 3186; x_wconf 86' lang='lat' dir='ltr'>barbite,</span> <span class='ocrx_word' id='word_1_118' title='bbox 1196 3132 1460 3188; x_wconf 89' lang='lat' dir='ltr'>carmen,</span> 
     </span>
    </p>
   </div>
   <div class='ocr_carea' id='block_1_10' title="bbox 715 3252 1958 3594">
    <p class='ocr_par' dir='ltr' id='par_1_12' title="bbox 715 3252 1958 3510">
     <span class='ocr_line' id='line_1_28' title="bbox 715 3252 1786 3334; baseline 0 -21"><span class='ocrx_word' id='word_1_119' title='bbox 715 3252 939 3315; x_wconf 89' lang='lat' dir='ltr'>Lesbio</span> <span class='ocrx_word' id='word_1_120' title='bbox 986 3253 1244 3334; x_wconf 89' lang='lat' dir='ltr'>primum</span> <span class='ocrx_word' id='word_1_121' title='bbox 1293 3254 1603 3315; x_wconf 84' lang='lat' dir='ltr'>modulate</span> <span class='ocrx_word' id='word_1_122' title='bbox 1651 3253 1786 3328; x_wconf 85' lang='lat' dir='ltr'>civi,</span> 
     </span>
     <span class='ocr_line' id='line_1_29' title="bbox 716 3342 1958 3421; baseline 0.002 -19"><span class='ocrx_word' id='word_1_123' title='bbox 716 3342 835 3421; x_wconf 89' lang='lat' dir='ltr'>qui,</span> <span class='ocrx_word' id='word_1_124' title='bbox 881 3343 1059 3403; x_wconf 82' lang='lat' dir='ltr'>ferox</span> <span class='ocrx_word' id='word_1_125' title='bbox 1103 3342 1282 3415; x_wconf 74' lang='lat' dir='ltr'>benc,</span> <span class='ocrx_word' id='word_1_126' title='bbox 1329 3347 1532 3405; x_wconf 87' lang='lat' dir='ltr'>tamen</span> <span class='ocrx_word' id='word_1_127' title='bbox 1582 3343 1742 3403; x_wconf 87' lang='lat' dir='ltr'>inter</span> <span class='ocrx_word' id='word_1_128' title='bbox 1787 3361 1958 3404; x_wconf 85' lang='lat' dir='ltr'>arma</span> 
     </span>
     <span class='ocr_line' id='line_1_30' title="bbox 718 3429 1693 3510; baseline 0.002 -20"><span class='ocrx_word' id='word_1_129' title='bbox 718 3430 852 3490; x_wconf 84' lang='lat' dir='ltr'>sive</span> <span class='ocrx_word' id='word_1_130' title='bbox 898 3429 1186 3491; x_wconf 89' lang='lat' dir='ltr'>iactatam</span> <span class='ocrx_word' id='word_1_131' title='bbox 1232 3430 1526 3510; x_wconf 83' lang='lat' dir='ltr'>religarat</span> <span class='ocrx_word' id='word_1_132' title='bbox 1569 3432 1693 3492; x_wconf 91' lang='lat' dir='ltr'>udo</span> 
     </span>
    </p>

    <p class='ocr_par' dir='ltr' id='par_1_13' title="bbox 890 3518 1351 3594">
     <span class='ocr_line' id='line_1_31' title="bbox 890 3518 1351 3594; baseline 0.002 -16"><span class='ocrx_word' id='word_1_133' title='bbox 890 3518 1068 3579; x_wconf 88' lang='lat' dir='ltr'>litore</span> <span class='ocrx_word' id='word_1_134' title='bbox 1114 3537 1351 3594; x_wconf 84' lang='lat' dir='ltr'>navem,</span> 
     </span>
    </p>
   </div>
   <div class='ocr_carea' id='block_1_11' title="bbox 713 3657 2084 3985">
    <p class='ocr_par' dir='ltr' id='par_1_14' title="bbox 713 3657 2084 3739">
     <span class='ocr_line' id='line_1_32' title="bbox 713 3657 2084 3739; baseline 0.002 -20"><span class='ocrx_word' id='word_1_135' title='bbox 713 3657 1002 3720; x_wconf 91' lang='lat' dir='ltr'>Liberum</span> <span class='ocrx_word' id='word_1_136' title='bbox 1047 3665 1110 3719; x_wconf 87' lang='lat' dir='ltr'>et</span> <span class='ocrx_word' id='word_1_137' title='bbox 1155 3659 1368 3720; x_wconf 88' lang='lat' dir='ltr'>Musas</span> <span class='ocrx_word' id='word_1_138' title='bbox 1415 3658 1844 3739; x_wconf 84' lang='lat' dir='ltr'>Veneremque</span> <span class='ocrx_word' id='word_1_139' title='bbox 1890 3664 1953 3721; x_wconf 87' lang='lat' dir='ltr'>et</span> <span class='ocrx_word' id='word_1_140' title='bbox 1998 3661 2084 3722; x_wconf 89' lang='lat' dir='ltr'>illi</span> 
     </span>
    </p>

    <p class='ocr_par' dir='ltr' id='par_1_15' title="bbox 715 3748 1971 3828">
     <span class='ocr_line' id='line_1_33' title="bbox 715 3748 1971 3828; baseline 0.003 -22"><span class='ocrx_word' id='word_1_141' title='bbox 715 3766 959 3828; x_wconf 91' lang='lat' dir='ltr'>semper</span> <span class='ocrx_word' id='word_1_142' title='bbox 1004 3748 1359 3808; x_wconf 87' lang='lat' dir='ltr'>haerentem</span> <span class='ocrx_word' id='word_1_143' title='bbox 1405 3767 1663 3827; x_wconf 87' lang='lat' dir='ltr'>puerum</span> <span class='ocrx_word' id='word_1_144' title='bbox 1712 3750 1971 3810; x_wconf 88' lang='lat' dir='ltr'>canebat</span> 
     </span>
    </p>

    <p class='ocr_par' dir='ltr' id='par_1_16' title="bbox 714 3834 1887 3985">
     <span class='ocr_line' id='line_1_34' title="bbox 714 3834 1887 3917; baseline 0.001 -22"><span class='ocrx_word' id='word_1_145' title='bbox 714 3849 778 3895; x_wconf 84' lang='lat' dir='ltr'>et.</span> <span class='ocrx_word' id='word_1_146' title='bbox 823 3834 1060 3917; x_wconf 80' lang='lat' dir='ltr'>Lycum</span> <span class='ocrx_word' id='word_1_147' title='bbox 1106 3836 1301 3915; x_wconf 83' lang='lat' dir='ltr'>nigris</span> <span class='ocrx_word' id='word_1_148' title='bbox 1349 3837 1543 3897; x_wconf 89' lang='lat' dir='ltr'>oculis</span> <span class='ocrx_word' id='word_1_149' title='bbox 1590 3837 1887 3917; x_wconf 83' lang='lat' dir='ltr'>nigroque</span> 
     </span>
     <span class='ocr_line' id='line_1_35' title="bbox 893 3923 1420 3985; baseline 0.002 -2"><span class='ocrx_word' id='word_1_150' title='bbox 893 3923 1062 3985; x_wconf 91' lang='lat' dir='ltr'>crine</span> <span class='ocrx_word' id='word_1_151' title='bbox 1113 3924 1420 3985; x_wconf 91' lang='lat' dir='ltr'>decorum.</span> 
     </span>
    </p>
   </div>
   <div class='ocr_carea' id='block_1_12' title="bbox 713 4064 1998 4391">
    <p class='ocr_par' dir='ltr' id='par_1_17' title="bbox 713 4064 1998 4147">
     <span class='ocr_line' id='line_1_36' title="bbox 713 4064 1998 4147; baseline 0 -22"><span class='ocrx_word' id='word_1_152' title='bbox 713 4084 748 4125; x_wconf 96' lang='lat' dir='ltr'>o</span> <span class='ocrx_word' id='word_1_153' title='bbox 796 4066 984 4125; x_wconf 90' lang='lat' dir='ltr'>decus</span> <span class='ocrx_word' id='word_1_154' title='bbox 1031 4064 1264 4125; x_wconf 88' lang='lat' dir='ltr'>Phoebi</span> <span class='ocrx_word' id='word_1_155' title='bbox 1310 4071 1374 4125; x_wconf 89' lang='lat' dir='ltr'>et</span> <span class='ocrx_word' id='word_1_156' title='bbox 1422 4066 1681 4146; x_wconf 89' lang='lat' dir='ltr'>dapibus</span> <span class='ocrx_word' id='word_1_157' title='bbox 1729 4066 1998 4147; x_wconf 85' lang='lat' dir='ltr'>supremi</span> 
     </span>
    </p>

    <p class='ocr_par' dir='ltr' id='par_1_18' title="bbox 716 4152 1819 4232">
     <span class='ocr_line' id='line_1_37' title="bbox 716 4152 1819 4232; baseline 0.001 -18"><span class='ocrx_word' id='word_1_158' title='bbox 716 4158 892 4232; x_wconf 86' lang='lat' dir='ltr'>grata</span> <span class='ocrx_word' id='word_1_159' title='bbox 939 4154 1186 4214; x_wconf 89' lang='lat' dir='ltr'>testudo</span> <span class='ocrx_word' id='word_1_160' title='bbox 1231 4152 1419 4229; x_wconf 83' lang='lat' dir='ltr'>Iovis,</span> <span class='ocrx_word' id='word_1_161' title='bbox 1467 4174 1500 4213; x_wconf 93' lang='grc' dir='ltr'>ο</span> <span class='ocrx_word' id='word_1_162' title='bbox 1547 4154 1819 4216; x_wconf 89' lang='lat' dir='ltr'>laborum</span> 
     </span>
    </p>

    <p class='ocr_par' dir='ltr' id='par_1_19' title="bbox 719 4241 1961 4391">
     <span class='ocr_line' id='line_1_38' title="bbox 719 4241 1961 4322; baseline 0.001 -20"><span class='ocrx_word' id='word_1_163' title='bbox 719 4241 897 4303; x_wconf 84' lang='lat' dir='ltr'>dulce</span> <span class='ocrx_word' id='word_1_164' title='bbox 944 4242 1206 4302; x_wconf 90' lang='lat' dir='ltr'>lenimen</span> <span class='ocrx_word' id='word_1_165' title='bbox 1252 4242 1399 4302; x_wconf 88' lang='lat' dir='ltr'>mihi</span> <span class='ocrx_word' id='word_1_166' title='bbox 1445 4262 1725 4322; x_wconf 90' lang='lat' dir='ltr'>cumque,</span> <span class='ocrx_word' id='word_1_167' title='bbox 1771 4243 1961 4317; x_wconf 85' lang='lat' dir='ltr'>salve,</span> 
     </span>
     <span class='ocr_line' id='line_1_39' title="bbox 894 4329 1317 4391; baseline 0.005 -2"><span class='ocrx_word' id='word_1_168' title='bbox 894 4330 1011 4390; x_wconf 90' lang='lat' dir='ltr'>rite</span> <span class='ocrx_word' id='word_1_169' title='bbox 1057 4329 1317 4391; x_wconf 84' lang='lat' dir='ltr'>vocanti.</span> 
     </span>
    </p>
   </div>
   <div class='ocr_carea' id='block_1_13' title="bbox 2508 2450 2576 2498">
    <p class='ocr_par' dir='ltr' id='par_1_20' title="bbox 2508 2450 2576 2498">
     <span class='ocr_line' id='line_1_40' title="bbox 2508 2450 2576 2498; baseline 0 -28"><span class='ocrx_word' id='word_1_170' title='bbox 2508 2450 2576 2498; x_wconf 53' lang='grc' dir='ltr'>Ἦ]</span> 
     </span>
    </p>
   </div>
   <div class='ocr_carea' id='block_1_14' title="bbox 2516 3935 2576 3979">
    <p class='ocr_par' dir='ltr' id='par_1_21' title="bbox 2516 3935 2576 3979">
     <span class='ocr_line' id='line_1_41' title="bbox 2516 3935 2576 3979; baseline 0 0"><span class='ocrx_word' id='word_1_171' title='bbox 2516 3935 2576 3979; x_wconf 64' lang='lat'>12³:</span> 
     </span>
    </p>
   </div>
  </div>
 </body>
</html>
